day;timestamp;product;bid_price_1;bid_volume_1;bid_price_2;bid_volume_2;bid_price_3;bid_volume_3;ask_price_1;ask_volume_1;ask_price_2;ask_volume_2;ask_price_3;ask_volume_3;mid_price;profit_and_loss
-1;0;PEARLS;9998;1;9995;30;;;10005;30;;;;;10001.5;0.0
-1;0;BANANAS;4946;1;4945;30;;;4952;30;;;;;4949.0;0.0
-1;100;PEARLS;9996;1;9995;30;;;10002;6;10004;1;10005;30;9999.0;0.0
-1;100;BANANAS;4945;31;;;;;4950;7;4952;31;;;4947.5;0.0
-1;200;BANANAS;4945;22;;;;;4951;1;4952;21;;;4948.0;0.0
-1;200;PEARLS;9996;1;9995;21;;;10004;1;10005;21;;;10000.0;0.0
-1;300;PEARLS;9996;2;9995;23;;;9998;3;10004;2;10005;23;9997.0;0.0
-1;300;BANANAS;4945;25;;;;;4952;25;;;;;4948.5;0.0
-1;400;PEARLS;9998;5;9996;2;9995;23;10004;2;10005;23;;;10001.0;6.0
-1;400;BANANAS;4946;5;4945;25;;;4952;25;;;;;4949.0;0.0
-1;500;PEARLS;10002;1;9996;2;9995;22;10004;2;10005;22;;;10003.0;6.0
-1;500;BANANAS;4945;24;;;;;4952;24;;;;;4948.5;0.0
-1;600;BANANAS;4946;2;4945;24;;;4950;9;4952;26;;;4948.0;0.0
-1;600;PEARLS;9996;2;9995;24;;;10002;9;10004;2;10005;24;9999.0;8.0
-1;700;PEARLS;9998;7;9995;27;;;10005;27;;;;;10001.5;8.0
-1;700;BANANAS;4946;7;4945;27;;;4952;27;;;;;4949.0;0.0
-1;800;PEARLS;9995;26;;;;;10005;26;;;;;10000.0;8.0
-1;800;BANANAS;4944;26;;;;;4951;26;;;;;4947.5;0.0
-1;900;BANANAS;4944;2;4943;27;;;4950;29;;;;;4947.0;0.0
-1;900;PEARLS;9996;2;9995;27;;;10004;2;10005;27;;;10000.0;8.0
-1;1000;BANANAS;4944;28;;;;;4950;2;4951;26;;;4947.0;0.0
-1;1000;PEARLS;9996;2;9995;26;;;10004;2;10005;26;;;10000.0;8.0
-1;1100;BANANAS;4944;25;;;;;4950;2;4951;23;;;4947.0;0.0
-1;1100;PEARLS;9996;2;9995;23;;;10004;2;10005;23;;;10000.0;8.0
-1;1200;PEARLS;9998;9;9996;2;9995;28;10004;2;10005;28;;;10001.0;8.0
-1;1200;BANANAS;4945;9;4944;30;;;4951;30;;;;;4948.0;0.0
-1;1300;PEARLS;9996;1;9995;27;;;10004;1;10005;27;;;10000.0;8.0
-1;1300;BANANAS;4944;28;;;;;4946;4;4951;28;;;4945.0;0.0
-1;1400;BANANAS;4945;25;;;;;4951;2;4952;24;;;4948.0;0.0
-1;1400;PEARLS;9996;2;9995;24;;;10004;2;10005;24;;;10000.0;8.0
-1;1500;PEARLS;10002;1;9996;2;9995;20;10004;2;10005;20;;;10003.0;8.0
-1;1500;BANANAS;4950;1;4945;2;4944;20;4951;22;;;;;4950.5;0.0
-1;1600;PEARLS;9996;1;9995;22;;;10004;1;10005;22;;;10000.0;10.0
-1;1600;BANANAS;4945;23;;;;;4951;1;4952;22;;;4948.0;0.0
-1;1700;PEARLS;9995;27;;;;;10005;27;;;;;10000.0;10.0
-1;1700;BANANAS;4945;27;;;;;4948;2;4952;27;;;4946.5;0.0
-1;1800;BANANAS;4946;2;4945;25;;;4952;27;;;;;4949.0;0.0
-1;1800;PEARLS;9996;2;9995;25;;;10004;2;10005;25;;;10000.0;10.0
-1;1900;PEARLS;9996;2;9995;29;;;10004;2;10005;29;;;10000.0;10.0
-1;1900;BANANAS;4945;31;;;;;4952;31;;;;;4948.5;0.0
-1;2000;PEARLS;9996;1;9995;25;;;10002;7;10004;1;10005;25;9999.0;10.0
-1;2000;BANANAS;4945;26;;;;;4950;7;4951;1;4952;25;4947.5;0.0
-1;2100;PEARLS;9995;23;;;;;10005;23;;;;;10000.0;10.0
-1;2100;BANANAS;4945;23;;;;;4952;23;;;;;4948.5;0.0
-1;2200;BANANAS;4945;32;;;;;4952;32;;;;;4948.5;0.0
-1;2200;PEARLS;9996;2;9995;30;;;10004;2;10005;30;;;10000.0;10.0
-1;2300;PEARLS;9996;2;9995;22;;;10004;2;10005;22;;;10000.0;10.0
-1;2300;BANANAS;4946;2;4945;22;;;4952;24;;;;;4949.0;0.0
-1;2400;PEARLS;9998;4;9996;2;9995;23;10004;2;10005;23;;;10001.0;10.0
-1;2400;BANANAS;4951;3;4948;4;4947;25;4953;2;4954;23;;;4952.0;0.0
-1;2500;BANANAS;4947;1;4946;20;;;4948;5;4953;21;;;4947.5;0.0
-1;2500;PEARLS;9996;1;9995;20;;;10004;1;10005;20;;;10000.0;10.0
-1;2600;BANANAS;4946;25;;;;;4953;25;;;;;4949.5;0.0
-1;2600;PEARLS;9995;25;;;;;10005;25;;;;;10000.0;10.0
-1;2700;BANANAS;4947;10;4946;24;;;4953;25;;;;;4950.0;0.0
-1;2700;PEARLS;9998;4;9996;1;9995;24;10004;1;10005;24;;;10001.0;10.0
-1;2800;PEARLS;9998;5;9995;29;;;10005;29;;;;;10001.5;10.0
-1;2800;BANANAS;4952;1;4947;5;4946;29;4953;29;;;;;4952.5;0.0
-1;2900;BANANAS;4946;25;;;;;4953;25;;;;;4949.5;0.0
-1;2900;PEARLS;10002;10;9996;2;9995;23;10004;2;10005;23;;;10003.0;10.0
-1;3000;BANANAS;4946;31;;;;;4953;31;;;;;4949.5;0.0
-1;3000;PEARLS;9996;2;9995;29;;;10004;2;10005;29;;;10000.0;30.0
-1;3100;BANANAS;4947;27;;;;;4953;2;4954;26;;;4950.0;0.0
-1;3100;PEARLS;9996;2;9995;26;;;10004;2;10005;26;;;10000.0;30.0
-1;3200;PEARLS;9996;2;9995;30;;;10002;6;10004;2;10005;30;9999.0;30.0
-1;3200;BANANAS;4947;2;4946;30;;;4951;6;4953;32;;;4949.0;0.0
-1;3300;BANANAS;4946;28;;;;;4953;28;;;;;4949.5;0.0
-1;3300;PEARLS;9996;2;9995;26;;;10004;2;10005;26;;;10000.0;30.0
-1;3400;BANANAS;4946;29;;;;;4953;29;;;;;4949.5;0.0
-1;3400;PEARLS;9996;2;9995;27;;;10004;2;10005;27;;;10000.0;30.0
-1;3500;BANANAS;4946;30;;;;;4951;9;4953;30;;;4948.5;0.0
-1;3500;PEARLS;9996;2;9995;28;;;10002;9;10004;2;10005;28;9999.0;30.0
-1;3600;PEARLS;9995;21;;;;;9998;1;10005;21;;;9996.5;30.0
-1;3600;BANANAS;4947;21;;;;;4954;21;;;;;4950.5;0.0
-1;3700;BANANAS;4947;31;;;;;4952;6;4953;2;4954;29;4949.5;0.0
-1;3700;PEARLS;9996;2;9995;29;;;10000;5;10002;7;10004;2;9998.0;32.0
-1;3800;BANANAS;4947;30;;;;;4953;1;4954;29;;;4950.0;0.0
-1;3800;PEARLS;10002;1;9996;1;9995;29;10004;1;10005;29;;;10003.0;32.0
-1;3900;BANANAS;4948;1;4947;25;;;4954;25;;;;;4951.0;0.0
-1;3900;PEARLS;9998;1;9995;25;;;10005;25;;;;;10001.5;34.0
-1;4000;PEARLS;10002;9;9996;2;9995;27;10004;2;10005;27;;;10003.0;34.0
-1;4000;BANANAS;4947;29;;;;;4953;2;4954;27;;;4950.0;0.0
-1;4100;BANANAS;4946;24;;;;;4953;24;;;;;4949.5;0.0
-1;4100;PEARLS;9996;1;9995;23;;;10004;1;10005;23;;;10000.0;52.0
-1;4200;BANANAS;4946;28;;;;;4947;12;4953;28;;;4946.5;0.0
-1;4200;PEARLS;9996;2;9995;26;;;10004;2;10005;26;;;10000.0;52.0
-1;4300;BANANAS;4946;31;;;;;4952;2;4953;29;;;4949.0;0.0
-1;4300;PEARLS;9996;2;9995;29;;;10004;2;10005;29;;;10000.0;52.0
-1;4400;PEARLS;9996;1;9995;26;;;9998;1;10004;1;10005;26;9997.0;52.0
-1;4400;BANANAS;4946;26;;;;;4953;27;;;;;4949.5;0.0
-1;4500;BANANAS;4946;27;;;;;4953;27;;;;;4949.5;0.0
-1;4500;PEARLS;9995;27;;;;;10005;27;;;;;10000.0;54.0
-1;4600;BANANAS;4946;22;;;;;4953;22;;;;;4949.5;0.0
-1;4600;PEARLS;9996;1;9995;21;;;10004;1;10005;21;;;10000.0;54.0
-1;4700;BANANAS;4946;27;;;;;4947;8;4952;1;4953;26;4946.5;0.0
-1;4700;PEARLS;9998;4;9996;1;9995;26;10004;1;10005;26;;;10001.0;54.0
-1;4800;PEARLS;10002;3;9996;1;9995;24;10004;1;10005;24;;;10003.0;54.0
-1;4800;BANANAS;4951;1;4946;25;;;4952;1;4953;24;;;4951.5;0.0
-1;4900;BANANAS;4946;22;;;;;4952;22;;;;;4949.0;0.0
-1;4900;PEARLS;9995;22;;;;;9998;4;10005;22;;;9996.5;60.0
-1;5000;BANANAS;4947;4;4946;22;;;4953;23;;;;;4950.0;0.0
-1;5000;PEARLS;9998;3;9996;1;9995;22;10004;1;10005;22;;;10001.0;68.0
-1;5100;BANANAS;4947;9;4946;25;;;4948;2;4953;25;;;4947.5;0.0
-1;5100;PEARLS;10002;1;9998;9;9995;25;10005;25;;;;;10003.5;68.0
-1;5200;PEARLS;9996;2;9995;22;;;10004;2;10005;22;;;10000.0;70.0
-1;5200;BANANAS;4947;2;4946;22;;;4953;24;;;;;4950.0;0.0
-1;5300;PEARLS;9995;25;;;;;10005;25;;;;;10000.0;70.0
-1;5300;BANANAS;4947;25;;;;;4954;25;;;;;4950.5;0.0
-1;5400;BANANAS;4947;27;;;;;4952;8;4954;27;;;4949.5;0.0
-1;5400;PEARLS;9995;27;;;;;10000;6;10002;8;10005;27;9997.5;70.0
-1;5500;BANANAS;4947;30;;;;;4954;30;;;;;4950.5;0.0
-1;5500;PEARLS;9996;1;9995;29;;;10004;1;10005;29;;;10000.0;70.0
-1;5600;BANANAS;4947;9;4946;26;;;4953;27;;;;;4950.0;0.0
-1;5600;PEARLS;10002;1;9998;8;9996;1;10004;1;10005;26;;;10003.0;70.0
-1;5700;PEARLS;9998;4;9996;2;9995;23;10004;2;10005;23;;;10001.0;72.0
-1;5700;BANANAS;4950;2;4948;4;4947;25;4954;25;;;;;4952.0;0.0
-1;5800;PEARLS;10002;1;9998;10;9995;24;10005;24;;;;;10003.5;72.0
-1;5800;BANANAS;4953;1;4948;10;4947;24;4954;24;;;;;4953.5;0.0
-1;5900;BANANAS;4947;21;;;;;4954;21;;;;;4950.5;0.0
-1;5900;PEARLS;10000;5;9996;1;9995;20;10004;1;10005;20;;;10002.0;74.0
-1;6000;PEARLS;9996;2;9995;22;;;9998;4;10004;2;10005;22;9997.0;74.0
-1;6000;BANANAS;4947;24;;;;;4953;2;4954;22;;;4950.0;0.0
-1;6100;PEARLS;9996;1;9995;24;;;10000;5;10002;2;10004;1;9998.0;82.0
-1;6100;BANANAS;4947;25;;;;;4952;2;4954;25;;;4949.5;0.0
-1;6200;PEARLS;9996;1;9995;29;;;10004;1;10005;29;;;10000.0;82.0
-1;6200;BANANAS;4947;30;;;;;4948;13;4954;30;;;4947.5;0.0
-1;6300;BANANAS;4947;25;;;;;4948;1;4954;25;;;4947.5;0.0
-1;6300;PEARLS;9995;25;;;;;10005;25;;;;;10000.0;82.0
-1;6400;PEARLS;10000;4;9995;23;;;10005;23;;;;;10002.5;82.0
-1;6400;BANANAS;4947;23;;;;;4954;23;;;;;4950.5;0.0
-1;6500;PEARLS;9995;20;;;;;10005;20;;;;;10000.0;82.0
-1;6500;BANANAS;4947;20;;;;;4954;20;;;;;4950.5;0.0
-1;6600;PEARLS;9996;1;9995;26;;;10004;1;10005;26;;;10000.0;82.0
-1;6600;BANANAS;4948;27;;;;;4955;27;;;;;4951.5;0.0
-1;6700;BANANAS;4948;28;;;;;4954;2;4955;26;;;4951.0;0.0
-1;6700;PEARLS;10002;4;9996;2;9995;26;10004;2;10005;26;;;10003.0;82.0
-1;6800;BANANAS;4948;1;4947;24;;;4954;24;;;;;4951.0;0.0
-1;6800;PEARLS;9998;1;9996;1;9995;23;10004;1;10005;23;;;10001.0;90.0
-1;6900;PEARLS;9995;28;;;;;10005;28;;;;;10000.0;90.0
-1;6900;BANANAS;4952;1;4951;4;4947;28;4954;28;;;;;4953.0;0.0
-1;7000;PEARLS;10000;6;9998;7;9996;2;10004;2;10005;27;;;10002.0;90.0
-1;7000;BANANAS;4948;7;4947;29;;;4954;29;;;;;4951.0;0.0
-1;7100;PEARLS;9996;1;9995;29;;;10004;1;10005;29;;;10000.0;90.0
-1;7100;BANANAS;4947;30;;;;;4954;30;;;;;4950.5;0.0
-1;7200;BANANAS;4947;23;;;;;4954;23;;;;;4950.5;0.0
-1;7200;PEARLS;9996;2;9995;21;;;10004;2;10005;21;;;10000.0;90.0
-1;7300;PEARLS;9996;2;9995;23;;;10002;4;10004;2;10005;23;9999.0;90.0
-1;7300;BANANAS;4947;25;;;;;4952;4;4954;25;;;4949.5;0.0
-1;7400;PEARLS;10002;1;9996;2;9995;28;10004;2;10005;28;;;10003.0;90.0
-1;7400;BANANAS;4947;30;;;;;4953;2;4954;28;;;4950.0;0.0
-1;7500;PEARLS;9995;29;;;;;10005;29;;;;;10000.0;92.0
-1;7500;BANANAS;4947;29;;;;;4953;29;;;;;4950.0;0.0
-1;7600;BANANAS;4946;26;;;;;4953;26;;;;;4949.5;0.0
-1;7600;PEARLS;9996;2;9995;24;;;10004;2;10005;24;;;10000.0;92.0
-1;7700;PEARLS;9995;28;;;;;10005;28;;;;;10000.0;92.0
-1;7700;BANANAS;4951;1;4945;28;;;4952;28;;;;;4951.5;0.0
-1;7800;PEARLS;9996;1;9995;22;;;10004;1;10005;22;;;10000.0;92.0
-1;7800;BANANAS;4951;1;4946;23;;;4952;1;4953;22;;;4951.5;-1.7744140625
-1;7900;PEARLS;9996;1;9995;25;;;10002;4;10004;1;10005;25;9999.0;92.0
-1;7900;BANANAS;4946;1;4945;25;;;4950;4;4952;26;;;4948.0;-2.2646484375
-1;8000;BANANAS;4945;23;;;;;4952;23;;;;;4948.5;-2.31689453125
-1;8000;PEARLS;9996;1;9995;22;;;10004;1;10005;22;;;10000.0;92.0
-1;8100;PEARLS;9995;22;;;;;10005;22;;;;;10000.0;92.0
-1;8100;BANANAS;4945;22;;;;;4952;22;;;;;4948.5;-2.59912109375
-1;8200;PEARLS;9995;20;;;;;9998;1;10002;2;10005;20;9996.5;92.0
-1;8200;BANANAS;4949;2;4945;20;;;4950;2;4952;20;;;4949.5;-2.646484375
-1;8300;PEARLS;10002;1;9998;6;9996;1;10004;1;10005;26;;;10003.0;94.0
-1;8300;BANANAS;4946;6;4945;27;;;4952;27;;;;;4949.0;-2.72119140625
-1;8400;BANANAS;4945;26;;;;;4951;26;;;;;4948.0;-3.0205078125
-1;8400;PEARLS;9995;26;;;;;10005;26;;;;;10000.0;96.0
-1;8500;PEARLS;9995;30;;;;;10005;30;;;;;10000.0;96.0
-1;8500;BANANAS;4947;5;4944;30;;;4951;30;;;;;4949.0;-3.56396484375
-1;8600;PEARLS;9996;1;9995;22;;;10004;1;10005;22;;;10000.0;96.0
-1;8600;BANANAS;4944;23;;;;;4951;23;;;;;4947.5;-3.67333984375
-1;8700;PEARLS;9996;1;9995;29;;;10004;1;10005;29;;;10000.0;96.0
-1;8700;BANANAS;4945;30;;;;;4946;1;4952;30;;;4945.5;-2.63330078125
-1;8800;BANANAS;4945;23;;;;;4947;4;4952;23;;;4946.0;-2.392578125
-1;8800;PEARLS;9995;23;;;;;9998;12;10005;23;;;9996.5;96.0
-1;8900;PEARLS;10002;5;9996;1;9995;26;10004;1;10005;26;;;10003.0;120.0
-1;8900;BANANAS;4945;27;;;;;4952;27;;;;;4948.5;-2.64208984375
-1;9000;PEARLS;9995;23;;;;;10002;7;10005;23;;;9998.5;130.0
-1;9000;BANANAS;4945;23;;;;;4950;7;4952;23;;;4947.5;-2.3466796875
-1;9100;PEARLS;9996;1;9995;30;;;10004;1;10005;30;;;10000.0;130.0
-1;9100;BANANAS;4946;31;;;;;4949;3;4952;1;4953;30;4947.5;-1.84814453125
-1;9200;BANANAS;4945;24;;;;;4950;3;4952;24;;;4947.5;-2.20166015625
-1;9200;PEARLS;9995;24;;;;;10002;3;10005;24;;;9998.5;130.0
-1;9300;PEARLS;9995;23;;;;;10005;23;;;;;10000.0;130.0
-1;9300;BANANAS;4945;23;;;;;4952;23;;;;;4948.5;-2.22998046875
-1;9400;PEARLS;9996;2;9995;22;;;10004;2;10005;22;;;10000.0;130.0
-1;9400;BANANAS;4946;24;;;;;4952;24;;;;;4949.0;-2.017578125
-1;9500;PEARLS;9998;9;9996;1;9995;28;10004;1;10005;28;;;10001.0;130.0
-1;9500;BANANAS;4946;10;4945;28;;;4952;29;;;;;4949.0;-2.11962890625
-1;9600;BANANAS;4945;20;;;;;4946;1;4952;20;;;4945.5;-2.294921875
-1;9600;PEARLS;9995;20;;;;;10005;20;;;;;10000.0;130.0
-1;9700;PEARLS;9998;3;9995;25;;;10005;25;;;;;10001.5;130.0
-1;9700;BANANAS;4946;3;4945;25;;;4952;25;;;;;4949.0;-2.037109375
-1;9800;PEARLS;9995;21;;;;;10002;5;10005;21;;;9998.5;130.0
-1;9800;BANANAS;4945;21;;;;;4950;5;4952;21;;;4947.5;-2.1005859375
-1;9900;BANANAS;4945;22;;;;;4952;22;;;;;4948.5;-2.23046875
-1;9900;PEARLS;9995;22;;;;;10005;22;;;;;10000.0;130.0
-1;10000;BANANAS;4946;8;4945;31;;;4952;31;;;;;4949.0;-2.375
-1;10000;PEARLS;9998;8;9996;2;9995;29;10004;2;10005;29;;;10001.0;130.0
-1;10100;BANANAS;4945;22;;;;;4952;22;;;;;4948.5;-2.2373046875
-1;10100;PEARLS;9995;22;;;;;10005;22;;;;;10000.0;130.0
-1;10200;PEARLS;9996;2;9995;23;;;10004;2;10005;23;;;10000.0;130.0
-1;10200;BANANAS;4946;25;;;;;4952;2;4953;23;;;4949.0;-1.8974609375
-1;10300;PEARLS;9996;2;9995;20;;;10004;2;10005;20;;;10000.0;130.0
-1;10300;BANANAS;4946;2;4945;20;;;4947;4;4952;22;;;4946.5;-2.08642578125
-1;10400;BANANAS;4946;30;;;;;4953;30;;;;;4949.5;-1.5947265625
-1;10400;PEARLS;9995;30;;;;;10005;30;;;;;10000.0;130.0
-1;10500;PEARLS;9998;4;9996;1;9995;27;10004;1;10005;27;;;10001.0;130.0
-1;10500;BANANAS;4946;4;4945;28;;;4952;28;;;;;4949.0;-2.64794921875
-1;10600;PEARLS;9995;23;;;;;9998;2;10002;6;10005;23;9996.5;130.0
-1;10600;BANANAS;4945;23;;;;;4950;6;4952;23;;;4947.5;-2.6259765625
-1;10700;PEARLS;9998;1;9995;23;;;10005;23;;;;;10001.5;134.0
-1;10700;BANANAS;4946;1;4945;23;;;4952;23;;;;;4949.0;-2.36376953125
-1;10800;BANANAS;4947;3;4946;23;;;4953;23;;;;;4950.0;-1.6357421875
-1;10800;PEARLS;10002;1;9998;4;9995;23;10005;23;;;;;10003.5;134.0
-1;10900;PEARLS;9996;1;9995;29;;;10004;1;10005;29;;;10000.0;136.0
-1;10900;BANANAS;4947;1;4946;29;;;4953;30;;;;;4950.0;-1.07177734375
-1;11000;PEARLS;9996;1;9995;29;;;10004;1;10005;29;;;10000.0;136.0
-1;11000;BANANAS;4946;30;;;;;4952;1;4953;29;;;4949.0;-1.779296875
-1;11100;PEARLS;9996;2;9995;29;;;10002;4;10004;2;10005;29;9999.0;136.0
-1;11100;BANANAS;4946;31;;;;;4951;4;4952;2;4953;29;4948.5;-1.83935546875
-1;11200;BANANAS;4946;29;;;;;4952;1;4953;28;;;4949.0;-1.80615234375
-1;11200;PEARLS;10002;1;9996;1;9995;28;10004;1;10005;28;;;10003.0;136.0
-1;11300;BANANAS;4950;1;4945;27;;;4952;27;;;;;4951.0;-2.3388671875
-1;11300;PEARLS;9996;1;9995;26;;;10004;1;10005;26;;;10000.0;138.0
-1;11400;PEARLS;9998;2;9996;1;9995;23;10004;1;10005;23;;;10001.0;138.0
-1;11400;BANANAS;4946;3;4945;24;;;4951;1;4952;23;;;4948.5;-4.7255859375
-1;11500;BANANAS;4945;2;4944;28;;;4951;29;;;;;4948.0;-5.3916015625
-1;11500;PEARLS;9998;1;9996;1;9995;28;10004;1;10005;28;;;10001.0;138.0
-1;11600;BANANAS;4944;26;;;;;4951;26;;;;;4947.5;-5.9052734375
-1;11600;PEARLS;9995;26;;;;;10005;26;;;;;10000.0;138.0
-1;11700;BANANAS;4944;22;;;;;4951;22;;;;;4947.5;-5.5888671875
-1;11700;PEARLS;9996;1;9995;21;;;10004;1;10005;21;;;10000.0;138.0
-1;11800;PEARLS;9995;21;;;;;10005;21;;;;;10000.0;138.0
-1;11800;BANANAS;4944;21;;;;;4951;21;;;;;4947.5;-5.4892578125
-1;11900;BANANAS;4944;25;;;;;4951;25;;;;;4947.5;-6.783203125
-1;11900;PEARLS;9995;25;;;;;10005;25;;;;;10000.0;138.0
-1;12000;BANANAS;4943;25;;;;;4950;25;;;;;4946.5;-7.4599609375
-1;12000;PEARLS;9995;25;;;;;10005;25;;;;;10000.0;138.0
-1;12100;BANANAS;4943;22;;;;;4948;4;4949;2;4950;20;4945.5;-8.84765625
-1;12100;PEARLS;9996;2;9995;20;;;10002;3;10004;2;10005;20;9999.0;138.0
-1;12200;PEARLS;9998;10;9996;2;9995;26;10004;2;10005;26;;;10001.0;138.0
-1;12200;BANANAS;4944;10;4943;28;;;4950;28;;;;;4947.0;-7.8271484375
-1;12300;BANANAS;4943;24;;;;;4950;24;;;;;4946.5;-8.2392578125
-1;12300;PEARLS;9996;1;9995;23;;;10000;5;10004;1;10005;23;9998.0;138.0
-1;12400;BANANAS;4943;30;;;;;4949;1;4950;29;;;4946.0;-8.5244140625
-1;12400;PEARLS;9996;1;9995;29;;;10004;1;10005;29;;;10000.0;138.0
-1;12500;BANANAS;4943;31;;;;;4949;2;4950;29;;;4946.0;-8.517578125
-1;12500;PEARLS;10002;5;9996;2;9995;29;10004;2;10005;29;;;10003.0;138.0
-1;12600;PEARLS;9998;5;9996;1;9995;30;10004;1;10005;30;;;10001.0;148.0
-1;12600;BANANAS;4944;5;4943;31;;;4949;31;;;;;4946.5;-8.947265625
-1;12700;BANANAS;4943;31;;;;;4950;31;;;;;4946.5;-7.9521484375
-1;12700;PEARLS;9996;2;9995;29;;;10004;2;10005;29;;;10000.0;148.0
-1;12800;BANANAS;4943;31;;;;;4948;3;4950;31;;;4945.5;-7.6298828125
-1;12800;PEARLS;9996;1;9995;30;;;10002;3;10004;1;10005;30;9999.0;148.0
-1;12900;BANANAS;4944;24;;;;;4950;24;;;;;4947.0;-7.0166015625
-1;12900;PEARLS;9995;24;;;;;10005;24;;;;;10000.0;148.0
-1;13000;PEARLS;9995;27;;;;;10005;27;;;;;10000.0;148.0
-1;13000;BANANAS;4943;27;;;;;4950;27;;;;;4946.5;-7.2333984375
-1;13100;BANANAS;4944;30;;;;;4950;2;4951;28;;;4947.0;-6.794921875
-1;13100;PEARLS;9996;2;9995;28;;;10004;2;10005;28;;;10000.0;148.0
-1;13200;BANANAS;4943;28;;;;;4950;28;;;;;4946.5;-7.365234375
-1;13200;PEARLS;9995;28;;;;;10005;28;;;;;10000.0;148.0
-1;13300;BANANAS;4949;1;4944;28;;;4950;2;4951;26;;;4949.5;-6.8486328125
-1;13300;PEARLS;9996;2;9995;26;;;10004;2;10005;26;;;10000.0;148.0
-1;13400;PEARLS;10002;1;9996;1;9995;25;10004;1;10005;25;;;10003.0;148.0
-1;13400;BANANAS;4944;26;;;;;4950;1;4951;25;;;4947.0;-6.736328125
-1;13500;BANANAS;4947;4;4944;30;;;4949;9;4951;30;;;4948.0;-6.005859375
-1;13500;PEARLS;9996;1;9995;29;;;10002;9;10004;1;10005;29;9999.0;150.0
-1;13600;BANANAS;4944;25;;;;;4950;2;4951;23;;;4947.0;-6.4990234375
-1;13600;PEARLS;9996;2;9995;23;;;10004;2;10005;23;;;10000.0;150.0
-1;13700;BANANAS;4947;5;4944;30;;;4949;7;4951;30;;;4948.0;-6.404296875
-1;13700;PEARLS;10000;2;9996;2;9995;28;10002;7;10004;2;10005;28;10001.0;150.0
-1;13800;PEARLS;9996;1;9995;24;;;10004;1;10005;24;;;10000.0;150.0
-1;13800;BANANAS;4943;25;;;;;4950;25;;;;;4946.5;-8.3349609375
-1;13900;BANANAS;4942;20;;;;;4947;2;4949;20;;;4944.5;-9.4951171875
-1;13900;PEARLS;9995;20;;;;;10002;2;10005;20;;;9998.5;150.0
-1;14000;BANANAS;4948;1;4943;1;4942;26;4949;27;;;;;4948.5;-9.4775390625
-1;14000;PEARLS;9996;1;9995;26;;;10004;1;10005;26;;;10000.0;150.0
-1;14100;BANANAS;4942;24;;;;;4949;24;;;;;4945.5;-10.263671875
-1;14100;PEARLS;10000;3;9996;2;9995;22;10004;2;10005;22;;;10002.0;150.0
-1;14200;BANANAS;4942;24;;;;;4949;24;;;;;4945.5;-10.388671875
-1;14200;PEARLS;9996;2;9995;22;;;10004;2;10005;22;;;10000.0;150.0
-1;14300;PEARLS;9996;2;9995;28;;;10004;2;10005;28;;;10000.0;150.0
-1;14300;BANANAS;4943;30;;;;;4949;2;4950;28;;;4946.0;-8.931640625
-1;14400;BANANAS;4943;9;4942;23;;;4949;23;;;;;4946.0;-9.591796875
-1;14400;PEARLS;9998;9;9996;1;9995;22;10004;1;10005;22;;;10001.0;150.0
-1;14500;BANANAS;4943;22;;;;;4949;1;4950;22;;;4946.0;-8.8662109375
-1;14500;PEARLS;9996;1;9995;22;;;10000;2;10004;1;10005;22;9998.0;150.0
-1;14600;PEARLS;9995;21;;;;;10002;3;10005;21;;;9998.5;150.0
-1;14600;BANANAS;4942;21;;;;;4947;3;4949;21;;;4944.5;-9.501953125
-1;14700;PEARLS;9998;5;9996;2;9995;24;10004;2;10005;24;;;10001.0;150.0
-1;14700;BANANAS;4943;7;4942;24;;;4949;26;;;;;4946.0;-9.5595703125
-1;14800;PEARLS;9996;2;9995;21;;;10004;2;10005;21;;;10000.0;150.0
-1;14800;BANANAS;4943;1;4942;21;;;4949;23;;;;;4946.0;-9.23046875
-1;14900;BANANAS;4943;2;4942;28;;;4947;8;4949;30;;;4945.0;-9.490234375
-1;14900;PEARLS;9996;2;9995;28;;;10002;8;10004;2;10005;28;9999.0;150.0
-1;15000;PEARLS;9996;1;9995;22;;;10004;1;10005;22;;;10000.0;150.0
-1;15000;BANANAS;4942;23;;;;;4943;1;4949;23;;;4942.5;-9.9453125
-1;15100;PEARLS;10002;1;9996;1;9995;25;10004;1;10005;25;;;10003.0;150.0
-1;15100;BANANAS;4948;1;4943;1;4942;25;4949;26;;;;;4948.5;-9.2333984375
-1;15200;PEARLS;9998;3;9996;2;9995;23;10000;4;10004;2;10005;23;9999.0;152.0
-1;15200;BANANAS;4946;3;4944;3;4943;25;4950;25;;;;;4948.0;-8.21875
-1;15300;BANANAS;4943;5;4942;22;;;4949;24;;;;;4946.0;-9.26171875
-1;15300;PEARLS;9998;3;9996;2;9995;22;10004;2;10005;22;;;10001.0;152.0
-1;15400;PEARLS;9996;2;9995;24;;;10002;4;10004;2;10005;24;9999.0;152.0
-1;15400;BANANAS;4942;26;;;;;4947;4;4949;26;;;4944.5;-9.708984375
-1;15500;PEARLS;9998;5;9995;20;;;10005;20;;;;;10001.5;152.0
-1;15500;BANANAS;4948;1;4943;5;4942;20;4949;20;;;;;4948.5;-9.40625
-1;15600;PEARLS;9996;1;9995;23;;;10004;1;10005;23;;;10000.0;152.0
-1;15600;BANANAS;4943;24;;;;;4950;24;;;;;4946.5;-8.2587890625
-1;15700;PEARLS;9996;2;9995;20;;;10004;2;10005;20;;;10000.0;152.0
-1;15700;BANANAS;4944;22;;;;;4950;2;4951;20;;;4947.0;-6.6142578125
-1;15800;BANANAS;4945;9;4944;26;;;4950;2;4951;24;;;4947.5;-6.7744140625
-1;15800;PEARLS;9998;5;9996;2;9995;24;10004;2;10005;24;;;10001.0;152.0
-1;15900;PEARLS;9998;10;9995;27;;;10005;27;;;;;10001.5;152.0
-1;15900;BANANAS;4945;10;4944;27;;;4951;27;;;;;4948.0;-5.9111328125
-1;16000;PEARLS;9996;2;9995;25;;;10002;7;10004;2;10005;25;9999.0;152.0
-1;16000;BANANAS;4945;27;;;;;4950;7;4951;2;4952;25;4947.5;-4.8984375
-1;16100;PEARLS;9998;4;9995;29;;;10005;29;;;;;10001.5;152.0
-1;16100;BANANAS;4945;4;4944;29;;;4951;29;;;;;4948.0;-5.3740234375
-1;16200;BANANAS;4944;21;;;;;4945;1;4951;21;;;4944.5;-5.390625
-1;16200;PEARLS;9995;21;;;;;10005;21;;;;;10000.0;152.0
-1;16300;PEARLS;9996;2;9995;29;;;10002;2;10004;2;10005;29;9999.0;152.0
-1;16300;BANANAS;4944;31;;;;;4949;2;4951;31;;;4946.5;-5.7978515625
-1;16400;PEARLS;9996;2;9995;22;;;9998;1;10004;2;10005;22;9997.0;152.0
-1;16400;BANANAS;4945;2;4944;22;;;4951;24;;;;;4948.0;-5.244140625
-1;16500;PEARLS;9996;2;9995;25;;;10004;2;10005;25;;;10000.0;154.0
-1;16500;BANANAS;4945;2;4944;25;;;4951;27;;;;;4948.0;-5.41015625
-1;16600;BANANAS;4945;25;;;;;4951;25;;;;;4948.0;-4.974609375
-1;16600;PEARLS;9996;2;9995;23;;;10004;2;10005;23;;;10000.0;154.0
-1;16700;PEARLS;10002;3;9996;1;9995;23;10004;1;10005;23;;;10003.0;154.0
-1;16700;BANANAS;4944;24;;;;;4945;1;4951;24;;;4944.5;-5.58203125
-1;16800;PEARLS;9996;2;9995;30;;;10002;5;10004;2;10005;30;9999.0;154.0
-1;16800;BANANAS;4944;32;;;;;4949;5;4950;2;4951;30;4946.5;-6.453125
-1;16900;PEARLS;9996;1;9995;23;;;10004;1;10005;23;;;10000.0;154.0
-1;16900;BANANAS;4944;24;;;;;4951;24;;;;;4947.5;-6.306640625
-1;17000;BANANAS;4944;23;;;;;4951;23;;;;;4947.5;-6.4072265625
-1;17000;PEARLS;9995;23;;;;;10005;23;;;;;10000.0;154.0
-1;17100;PEARLS;9998;6;9996;1;9995;30;10004;1;10005;30;;;10001.0;154.0
-1;17100;BANANAS;4945;6;4944;30;;;4951;31;;;;;4948.0;-5.14453125
-1;17200;PEARLS;9998;6;9996;2;9995;24;10004;2;10005;24;;;10001.0;154.0
-1;17200;BANANAS;4946;6;4945;26;;;4951;2;4952;24;;;4948.5;-4.6689453125
-1;17300;PEARLS;9995;28;;;;;9998;1;10002;3;10005;28;9996.5;154.0
-1;17300;BANANAS;4945;28;;;;;4947;2;4950;3;4952;28;4946.0;-3.572265625
-1;17400;BANANAS;4946;25;;;;;4952;1;4953;24;;;4949.0;-2.9111328125
-1;17400;PEARLS;9996;1;9995;24;;;10004;1;10005;24;;;10000.0;156.0
-1;17500;PEARLS;9996;1;9995;23;;;10004;1;10005;23;;;10000.0;156.0
-1;17500;BANANAS;4951;11;4946;24;;;4953;24;;;;;4952.0;-2.1884765625
-1;17600;PEARLS;9995;27;;;;;10005;27;;;;;10000.0;156.0
-1;17600;BANANAS;4945;27;;;;;4952;27;;;;;4948.5;-3.8935546875
-1;17700;PEARLS;9996;1;9995;23;;;10004;1;10005;23;;;10000.0;156.0
-1;17700;BANANAS;4945;24;;;;;4951;1;4952;23;;;4948.0;-4.52734375
-1;17800;BANANAS;4944;23;;;;;4951;23;;;;;4947.5;-5.166015625
-1;17800;PEARLS;9995;23;;;;;10005;23;;;;;10000.0;156.0
-1;17900;PEARLS;9998;8;9996;1;9995;29;10004;1;10005;29;;;10001.0;156.0
-1;17900;BANANAS;4945;9;4944;29;;;4951;30;;;;;4948.0;-5.25
-1;18000;PEARLS;9998;7;9996;2;9995;26;10004;2;10005;26;;;10001.0;156.0
-1;18000;BANANAS;4945;9;4944;26;;;4951;28;;;;;4948.0;-5.0791015625
-1;18100;PEARLS;9995;21;;;;;10005;21;;;;;10000.0;156.0
-1;18100;BANANAS;4945;21;;;;;4952;21;;;;;4948.5;-4.4619140625
-1;18200;BANANAS;4950;1;4945;24;;;4952;24;;;;;4951.0;-4.32421875
-1;18200;PEARLS;9996;1;9995;23;;;10004;1;10005;23;;;10000.0;156.0
-1;18300;PEARLS;9996;2;9995;27;;;10004;2;10005;27;;;10000.0;156.0
-1;18300;BANANAS;4944;29;;;;;4951;29;;;;;4947.5;-6.1416015625
-1;18400;PEARLS;9996;1;9995;29;;;10004;1;10005;29;;;10000.0;156.0
-1;18400;BANANAS;4945;30;;;;;4951;1;4952;29;;;4948.0;-4.8447265625
-1;18500;PEARLS;9998;3;9996;2;9995;30;10004;2;10005;30;;;10001.0;156.0
-1;18500;BANANAS;4946;3;4945;32;;;4951;2;4952;30;;;4948.5;-4.8681640625
-1;18600;BANANAS;4945;31;;;;;4950;10;4951;1;4952;30;4947.5;-4.6259765625
-1;18600;PEARLS;9996;1;9995;30;;;10002;9;10004;1;10005;30;9999.0;156.0
-1;18700;BANANAS;4945;27;;;;;4951;2;4952;25;;;4948.0;-4.904296875
-1;18700;PEARLS;10002;9;9996;2;9995;25;10004;2;10005;25;;;10003.0;156.0
-1;18800;PEARLS;9996;2;9995;22;;;10004;2;10005;22;;;10000.0;156.0
-1;18800;BANANAS;4945;24;;;;;4952;24;;;;;4948.5;-4.15234375
-1;18900;BANANAS;4945;28;;;;;4952;28;;;;;4948.5;-3.603515625
-1;18900;PEARLS;9996;1;9995;27;;;10004;1;10005;27;;;10000.0;156.0
-1;19000;BANANAS;4945;24;;;;;4950;7;4952;25;;;4947.5;-4.5556640625
-1;19000;PEARLS;9995;25;;;;;10002;7;10005;25;;;9998.5;156.0
-1;19100;PEARLS;9996;1;9995;28;;;10000;5;10004;1;10005;28;9998.0;156.0
-1;19100;BANANAS;4945;29;;;;;4951;1;4952;28;;;4948.0;-4.7919921875
-1;19200;PEARLS;9996;1;9995;28;;;10002;7;10004;1;10005;28;9999.0;156.0
-1;19200;BANANAS;4945;29;;;;;4950;7;4952;29;;;4947.5;-4.2548828125
-1;19300;PEARLS;9996;2;9995;30;;;10004;2;10005;30;;;10000.0;156.0
-1;19300;BANANAS;4945;32;;;;;4952;32;;;;;4948.5;-3.701171875
-1;19400;BANANAS;4946;21;;;;;4951;3;4952;1;4953;20;4948.5;-2.69140625
-1;19400;PEARLS;9996;1;9995;20;;;10002;3;10004;1;10005;20;9999.0;156.0
-1;19500;PEARLS;9996;2;9995;20;;;10004;2;10005;20;;;10000.0;156.0
-1;19500;BANANAS;4946;22;;;;;4952;2;4953;20;;;4949.0;-2.880859375
-1;19600;PEARLS;9996;2;9995;29;;;10004;2;10005;29;;;10000.0;156.0
-1;19600;BANANAS;4946;31;;;;;4952;2;4953;29;;;4949.0;-2.6201171875
-1;19700;PEARLS;9996;1;9995;24;;;10002;2;10004;1;10005;24;9999.0;156.0
-1;19700;BANANAS;4946;25;;;;;4951;2;4952;1;4953;24;4948.5;-2.662109375
-1;19800;BANANAS;4946;20;;;;;4953;20;;;;;4949.5;-2.4892578125
-1;19800;PEARLS;10002;4;9995;20;;;10005;20;;;;;10003.5;156.0
-1;19900;PEARLS;9996;1;9995;27;;;10004;1;10005;27;;;10000.0;156.0
-1;19900;BANANAS;4946;28;;;;;4952;1;4953;27;;;4949.0;-2.798828125
-1;20000;PEARLS;9996;1;9995;28;;;10002;4;10004;1;10005;28;9999.0;156.0
-1;20000;BANANAS;4946;29;;;;;4951;4;4953;29;;;4948.5;-1.9541015625
-1;20100;PEARLS;9998;9;9996;2;9995;29;10004;2;10005;29;;;10001.0;156.0
-1;20100;BANANAS;4947;10;4946;31;;;4952;2;4953;29;;;4949.5;-2.7109375
-1;20200;BANANAS;4946;29;;;;;4953;29;;;;;4949.5;-2.5390625
-1;20200;PEARLS;9995;29;;;;;10005;29;;;;;10000.0;156.0
-1;20300;BANANAS;4946;2;4945;21;;;4952;23;;;;;4949.0;-3.3017578125
-1;20300;PEARLS;9996;2;9995;21;;;10004;2;10005;21;;;10000.0;156.0
-1;20400;PEARLS;9995;24;;;;;10005;24;;;;;10000.0;156.0
-1;20400;BANANAS;4946;24;;;;;4953;24;;;;;4949.5;3.375
-1;20500;BANANAS;4946;30;;;;;4953;30;;;;;4949.5;3.66796875
-1;20500;PEARLS;9995;30;;;;;10005;30;;;;;10000.0;156.0
-1;20600;BANANAS;4947;23;;;;;4953;2;4954;21;;;4950.0;7.78125
-1;20600;PEARLS;9996;2;9995;21;;;10004;2;10005;21;;;10000.0;156.0
-1;20700;BANANAS;4947;31;;;;;4948;1;4951;6;4953;31;4947.5;7.0
-1;20700;PEARLS;9996;1;9995;30;;;10002;6;10004;1;10005;30;9999.0;156.0
-1;20800;PEARLS;9996;2;9995;23;;;10004;2;10005;23;;;10000.0;156.0
-1;20800;BANANAS;4953;1;4948;2;4947;23;4954;25;;;;;4953.5;10.365234375
-1;20900;BANANAS;4947;24;;;;;4954;24;;;;;4950.5;9.876953125
-1;20900;PEARLS;9996;1;9995;23;;;10004;1;10005;23;;;10000.0;156.0
-1;21000;BANANAS;4948;27;;;;;4949;3;4955;27;;;4948.5;11.1796875
-1;21000;PEARLS;9995;27;;;;;10005;27;;;;;10000.0;156.0
-1;21100;BANANAS;4949;1;4948;30;;;4955;30;;;;;4952.0;12.271484375
-1;21100;PEARLS;9998;1;9996;2;9995;28;10004;2;10005;28;;;10001.0;156.0
-1;21200;PEARLS;9995;23;;;;;10005;23;;;;;10000.0;156.0
-1;21200;BANANAS;4947;23;;;;;4954;23;;;;;4950.5;10.513671875
-1;21300;BANANAS;4947;29;;;;;4948;1;4954;29;;;4947.5;10.8203125
-1;21300;PEARLS;9995;29;;;;;10005;29;;;;;10000.0;156.0
-1;21400;BANANAS;4948;30;;;;;4955;30;;;;;4951.5;12.544921875
-1;21400;PEARLS;9995;30;;;;;10005;30;;;;;10000.0;156.0
-1;21500;BANANAS;4952;4;4948;2;4947;22;4954;24;;;;;4953.0;10.763671875
-1;21500;PEARLS;9996;2;9995;22;;;10004;2;10005;22;;;10000.0;156.0
-1;21600;PEARLS;10002;1;9995;29;;;10005;29;;;;;10003.5;156.0
-1;21600;BANANAS;4951;2;4948;29;;;4955;29;;;;;4953.0;12.91796875
-1;21700;BANANAS;4948;1;4947;30;;;4952;10;4954;31;;;4950.0;10.658203125
-1;21700;PEARLS;9996;1;9995;30;;;10002;10;10004;1;10005;30;9999.0;158.0
-1;21800;BANANAS;4949;5;4948;29;;;4954;1;4955;28;;;4951.5;11.447265625
-1;21800;PEARLS;9998;6;9996;1;9995;28;10004;1;10005;28;;;10001.0;158.0
-1;21900;BANANAS;4948;2;4947;28;;;4954;30;;;;;4951.0;10.19140625
-1;21900;PEARLS;9996;2;9995;28;;;10004;2;10005;28;;;10000.0;158.0
-1;22000;PEARLS;9996;1;9995;23;;;10000;2;10004;1;10005;23;9998.0;158.0
-1;22000;BANANAS;4947;24;;;;;4948;1;4954;24;;;4947.5;8.982421875
-1;22100;BANANAS;4948;1;4947;23;;;4954;25;;;;;4951.0;10.23046875
-1;22100;PEARLS;9996;2;9995;23;;;10004;2;10005;23;;;10000.0;158.0
-1;22200;BANANAS;4948;28;;;;;4953;4;4954;1;4955;27;4950.5;11.69921875
-1;22200;PEARLS;9996;1;9995;27;;;10002;4;10004;1;10005;27;9999.0;158.0
-1;22300;BANANAS;4948;30;;;;;4955;30;;;;;4951.5;12.744140625
-1;22300;PEARLS;9996;1;9995;29;;;10004;1;10005;29;;;10000.0;158.0
-1;22400;PEARLS;10002;2;9996;2;9995;24;10004;2;10005;24;;;10003.0;158.0
-1;22400;BANANAS;4948;26;;;;;4955;26;;;;;4951.5;12.251953125
-1;22500;BANANAS;4948;27;;;;;4955;27;;;;;4951.5;13.033203125
-1;22500;PEARLS;10002;6;9995;27;;;10005;27;;;;;10003.5;158.0
-1;22600;BANANAS;4948;27;;;;;4953;9;4955;27;;;4950.5;12.798828125
-1;22600;PEARLS;9996;1;9995;26;;;10002;9;10004;1;10005;26;9999.0;158.0
-1;22700;BANANAS;4948;28;;;;;4955;28;;;;;4951.5;14.30859375
-1;22700;PEARLS;9995;28;;;;;10005;28;;;;;10000.0;158.0
-1;22800;PEARLS;9996;1;9995;29;;;9998;3;10004;1;10005;29;9997.0;158.0
-1;22800;BANANAS;4948;30;;;;;4954;1;4955;29;;;4951.0;11.431640625
-1;22900;BANANAS;4948;26;;;;;4954;2;4955;24;;;4951.0;11.787109375
-1;22900;PEARLS;9996;2;9995;24;;;9998;1;10004;2;10005;24;9997.0;164.0
-1;23000;BANANAS;4949;3;4948;26;;;4955;26;;;;;4952.0;13.701171875
-1;23000;PEARLS;9998;3;9996;2;9995;24;10004;2;10005;24;;;10001.0;166.0
-1;23100;BANANAS;4948;24;;;;;4953;10;4955;24;;;4950.5;13.111328125
-1;23100;PEARLS;9996;1;9995;23;;;10002;10;10004;1;10005;23;9999.0;166.0
-1;23200;BANANAS;4948;26;;;;;4953;10;4955;26;;;4950.5;12.37109375
-1;23200;PEARLS;9995;26;;;;;9998;1;10002;10;10005;26;9996.5;166.0
-1;23300;PEARLS;9995;22;;;;;10005;22;;;;;10000.0;168.0
-1;23300;BANANAS;4947;22;;;;;4954;22;;;;;4950.5;10.802734375
-1;23400;BANANAS;4949;6;4948;21;;;4954;21;;;;;4951.5;10.921875
-1;23400;PEARLS;9998;6;9995;21;;;10005;21;;;;;10001.5;168.0
-1;23500;BANANAS;4950;2;4948;2;4947;26;4954;28;;;;;4952.0;10.392578125
-1;23500;PEARLS;9996;2;9995;26;;;10004;2;10005;26;;;10000.0;168.0
-1;23600;PEARLS;9995;21;;;;;10002;6;10005;21;;;9998.5;168.0
-1;23600;BANANAS;4952;3;4948;21;;;4953;6;4955;21;;;4952.5;11.630859375
-1;23700;PEARLS;9995;24;;;;;10005;24;;;;;10000.0;168.0
-1;23700;BANANAS;4947;24;;;;;4954;24;;;;;4950.5;9.833984375
-1;23800;PEARLS;9996;2;9995;21;;;10004;2;10005;21;;;10000.0;168.0
-1;23800;BANANAS;4948;2;4947;21;;;4954;23;;;;;4951.0;10.3125
-1;23900;BANANAS;4953;1;4947;20;;;4954;20;;;;;4953.5;9.3125
-1;23900;PEARLS;9995;20;;;;;10005;20;;;;;10000.0;168.0
-1;24000;PEARLS;9996;1;9995;22;;;10002;6;10004;1;10005;22;9999.0;168.0
-1;24000;BANANAS;4947;23;;;;;4951;6;4953;23;;;4949.0;6.9921875
-1;24100;PEARLS;9996;2;9995;24;;;10004;2;10005;24;;;10000.0;168.0
-1;24100;BANANAS;4946;26;;;;;4953;26;;;;;4949.5;5.2734375
-1;24200;PEARLS;9998;4;9996;2;9995;25;10004;2;10005;25;;;10001.0;168.0
-1;24200;BANANAS;4951;1;4946;7;4945;25;4952;27;;;;;4951.5;2.388671875
-1;24300;BANANAS;4945;2;4944;21;;;4951;23;;;;;4948.0;-1.35546875
-1;24300;PEARLS;10002;6;9996;2;9995;21;10004;2;10005;21;;;10003.0;168.0
-1;24400;PEARLS;9995;25;;;;;10005;25;;;;;10000.0;180.0
-1;24400;BANANAS;4944;25;;;;;4951;25;;;;;4947.5;-2.55859375
-1;24500;PEARLS;9995;21;;;;;9998;2;10002;7;10005;21;9996.5;180.0
-1;24500;BANANAS;4949;4;4945;21;;;4950;7;4952;21;;;4949.5;0.734375
-1;24600;PEARLS;9996;1;9995;26;;;10004;1;10005;26;;;10000.0;184.0
-1;24600;BANANAS;4945;27;;;;;4951;1;4952;26;;;4948.0;-0.560546875
-1;24700;PEARLS;9996;2;9995;20;;;10004;2;10005;20;;;10000.0;184.0
-1;24700;BANANAS;4945;22;;;;;4951;2;4952;20;;;4948.0;-0.169921875
-1;24800;BANANAS;4945;28;;;;;4951;28;;;;;4948.0;-0.9140625
-1;24800;PEARLS;9996;2;9995;26;;;10004;2;10005;26;;;10000.0;184.0
-1;24900;PEARLS;9998;5;9996;2;9995;28;10004;2;10005;28;;;10001.0;184.0
-1;24900;BANANAS;4945;5;4944;30;;;4951;30;;;;;4948.0;-2.896484375
-1;25000;PEARLS;9996;1;9995;26;;;10002;1;10004;1;10005;26;9999.0;184.0
-1;25000;BANANAS;4944;27;;;;;4949;1;4951;27;;;4946.5;-2.435546875
-1;25100;PEARLS;9995;23;;;;;10005;23;;;;;10000.0;184.0
-1;25100;BANANAS;4946;6;4944;23;;;4950;23;;;;;4948.0;-5.0234375
-1;25200;BANANAS;4944;25;;;;;4951;26;;;;;4947.5;-3.3828125
-1;25200;PEARLS;9996;2;9995;24;;;10004;2;10005;24;;;10000.0;184.0
-1;25300;PEARLS;9996;2;9995;24;;;10002;1;10004;2;10005;24;9999.0;184.0
-1;25300;BANANAS;4944;26;;;;;4948;1;4950;26;;;4946.0;-4.962890625
-1;25400;PEARLS;9998;2;9996;2;9995;30;10004;2;10005;30;;;10001.0;184.0
-1;25400;BANANAS;4945;2;4944;32;;;4951;32;;;;;4948.0;-2.326171875
-1;25500;PEARLS;9998;3;9996;2;9995;23;10004;2;10005;23;;;10001.0;184.0
-1;25500;BANANAS;4946;3;4945;25;;;4951;25;;;;;4948.5;-0.970703125
-1;25600;BANANAS;4950;1;4945;31;;;4951;1;4952;30;;;4950.5;-0.59375
-1;25600;PEARLS;9996;1;9995;30;;;10004;1;10005;30;;;10000.0;184.0
-1;25700;PEARLS;9996;1;9995;22;;;10004;1;10005;22;;;10000.0;184.0
-1;25700;BANANAS;4945;23;;;;;4951;1;4952;22;;;4948.0;-0.79296875
-1;25800;PEARLS;9996;1;9995;27;;;10004;1;10005;27;;;10000.0;184.0
-1;25800;BANANAS;4945;1;4944;27;;;4951;28;;;;;4948.0;-1.271484375
-1;25900;PEARLS;9995;28;;;;;10005;28;;;;;10000.0;184.0
-1;25900;BANANAS;4944;28;;;;;4951;28;;;;;4947.5;-1.6015625
-1;26000;BANANAS;4945;24;;;;;4949;7;4951;24;;;4947.0;-1.111328125
-1;26000;PEARLS;9995;24;;;;;10002;7;10005;24;;;9998.5;184.0
-1;26100;PEARLS;9995;25;;;;;10002;7;10005;25;;;9998.5;184.0
-1;26100;BANANAS;4945;25;;;;;4950;7;4952;25;;;4947.5;-0.19921875
-1;26200;PEARLS;9996;1;9995;25;;;10004;1;10005;25;;;10000.0;184.0
-1;26200;BANANAS;4945;26;;;;;4952;26;;;;;4948.5;0.126953125
-1;26300;PEARLS;9995;24;;;;;10005;24;;;;;10000.0;184.0
-1;26300;BANANAS;4945;24;;;;;4952;24;;;;;4948.5;-0.451171875
-1;26400;BANANAS;4945;28;;;;;4952;29;;;;;4948.5;0.017578125
-1;26400;PEARLS;10002;3;9995;29;;;10005;29;;;;;10003.5;184.0
-1;26500;PEARLS;9996;1;9995;23;;;10002;4;10004;1;10005;23;9999.0;184.0
-1;26500;BANANAS;4945;24;;;;;4949;3;4951;24;;;4947.0;-1.0
-1;26600;PEARLS;10002;3;9998;1;9996;1;10004;1;10005;21;;;10003.0;184.0
-1;26600;BANANAS;4946;1;4945;22;;;4952;22;;;;;4949.0;0.75
-1;26700;PEARLS;9995;24;;;;;10000;6;10005;24;;;9997.5;184.0
-1;26700;BANANAS;4945;24;;;;;4952;24;;;;;4948.5;-0.275390625
-1;26800;BANANAS;4945;24;;;;;4952;24;;;;;4948.5;1.048828125
-1;26800;PEARLS;9995;24;;;;;10005;24;;;;;10000.0;184.0
-1;26900;PEARLS;9995;27;;;;;9998;1;10002;5;10005;27;9996.5;184.0
-1;26900;BANANAS;4945;27;;;;;4950;5;4952;27;;;4947.5;0.150390625
-1;27000;PEARLS;9996;1;9995;30;;;10002;7;10004;1;10005;30;9999.0;186.0
-1;27000;BANANAS;4945;31;;;;;4950;7;4952;31;;;4947.5;0.990234375
-1;27100;PEARLS;9996;2;9995;22;;;10002;7;10004;2;10005;22;9999.0;186.0
-1;27100;BANANAS;4945;24;;;;;4950;7;4952;24;;;4947.5;1.1640625
-1;27200;BANANAS;4950;3;4946;2;4945;31;4952;31;;;;;4951.0;1.701171875
-1;27200;PEARLS;9998;2;9996;2;9995;29;10004;2;10005;29;;;10001.0;186.0
-1;27300;PEARLS;10000;5;9996;2;9995;25;10004;2;10005;25;;;10002.0;186.0
-1;27300;BANANAS;4946;27;;;;;4952;2;4953;25;;;4949.0;3.3828125
-1;27400;PEARLS;9996;1;9995;24;;;10004;1;10005;24;;;10000.0;186.0
-1;27400;BANANAS;4946;25;;;;;4952;25;;;;;4949.0;2.955078125
-1;27500;BANANAS;4945;26;;;;;4947;1;4950;10;4952;26;4946.0;1.80078125
-1;27500;PEARLS;9996;2;9995;24;;;10002;10;10004;2;10005;24;9999.0;186.0
-1;27600;BANANAS;4945;23;;;;;4952;23;;;;;4948.5;1.740234375
-1;27600;PEARLS;9996;1;9995;22;;;9998;1;10004;1;10005;22;9997.0;186.0
-1;27700;BANANAS;4946;26;;;;;4952;2;4953;24;;;4949.0;3.580078125
-1;27700;PEARLS;9996;2;9995;24;;;10004;2;10005;24;;;10000.0;188.0
-1;27800;PEARLS;9995;28;;;;;10005;28;;;;;10000.0;188.0
-1;27800;BANANAS;4947;28;;;;;4953;28;;;;;4950.0;6.978515625
-1;27900;PEARLS;9996;1;9995;25;;;9998;4;10004;1;10005;25;9997.0;188.0
-1;27900;BANANAS;4947;1;4946;25;;;4953;26;;;;;4950.0;6.28515625
-1;28000;BANANAS;4946;24;;;;;4951;9;4953;24;;;4948.5;3.2109375
-1;28000;PEARLS;9995;24;;;;;10002;9;10005;24;;;9998.5;196.0
-1;28100;PEARLS;9995;22;;;;;10005;22;;;;;10000.0;196.0
-1;28100;BANANAS;4945;22;;;;;4952;22;;;;;4948.5;1.8671875
-1;28200;PEARLS;9996;1;9995;29;;;10004;1;10005;29;;;10000.0;196.0
-1;28200;BANANAS;4946;30;;;;;4952;1;4953;29;;;4949.0;3.48046875
-1;28300;PEARLS;9996;1;9995;23;;;10002;7;10004;1;10005;23;9999.0;196.0
-1;28300;BANANAS;4946;24;;;;;4951;7;4953;24;;;4948.5;4.560546875
-1;28400;BANANAS;4947;21;;;;;4951;9;4953;21;;;4949.0;6.990234375
-1;28400;PEARLS;9995;21;;;;;10002;9;10005;21;;;9998.5;196.0
-1;28500;PEARLS;9996;1;9995;30;;;10004;1;10005;30;;;10000.0;196.0
-1;28500;BANANAS;4952;1;4947;31;;;4954;31;;;;;4953.0;8.46875
-1;28600;PEARLS;9998;7;9996;2;9995;29;10004;2;10005;29;;;10001.0;196.0
-1;28600;BANANAS;4949;6;4948;31;;;4954;2;4955;29;;;4951.5;11.5078125
-1;28700;PEARLS;9996;1;9995;24;;;10004;1;10005;24;;;10000.0;196.0
-1;28700;BANANAS;4948;25;;;;;4955;25;;;;;4951.5;13.322265625
-1;28800;BANANAS;4949;2;4948;20;;;4955;22;;;;;4952.0;14.41796875
-1;28800;PEARLS;9996;2;9995;20;;;10004;2;10005;20;;;10000.0;196.0
-1;28900;PEARLS;9995;22;;;;;10005;22;;;;;10000.0;196.0
-1;28900;BANANAS;4949;22;;;;;4956;22;;;;;4952.5;17.69921875
-1;29000;PEARLS;9995;24;;;;;10005;24;;;;;10000.0;196.0
-1;29000;BANANAS;4949;24;;;;;4956;24;;;;;4952.5;18.48046875
-1;29100;BANANAS;4951;9;4950;31;;;4956;31;;;;;4953.5;18.970703125
-1;29100;PEARLS;9998;9;9996;2;9995;29;10004;2;10005;29;;;10001.0;196.0
-1;29200;BANANAS;4950;20;;;;;4955;4;4957;20;;;4952.5;20.857421875
-1;29200;PEARLS;9995;20;;;;;10002;3;10005;20;;;9998.5;196.0
-1;29300;BANANAS;4950;24;;;;;4956;25;;;;;4953.0;18.9609375
-1;29300;PEARLS;9995;25;;;;;10005;25;;;;;10000.0;196.0
-1;29400;PEARLS;9996;1;9995;23;;;10004;1;10005;23;;;10000.0;196.0
-1;29400;BANANAS;4954;4;4950;1;4949;23;4956;24;;;;;4955.0;18.166015625
-1;29500;BANANAS;4949;24;;;;;4956;24;;;;;4952.5;11.7421875
-1;29500;PEARLS;10002;1;9996;2;9995;22;10004;2;10005;22;;;10003.0;196.0
-1;29600;BANANAS;4949;20;;;;;4956;20;;;;;4952.5;13.046875
-1;29600;PEARLS;9995;20;;;;;9998;1;10005;20;;;9996.5;198.0
-1;29700;BANANAS;4950;1;4949;26;;;4956;27;;;;;4953.0;13.96875
-1;29700;PEARLS;9996;1;9995;26;;;10004;1;10005;26;;;10000.0;200.0
-1;29800;PEARLS;9998;7;9996;1;9995;29;10004;1;10005;29;;;10001.0;200.0
-1;29800;BANANAS;4950;7;4949;30;;;4956;30;;;;;4953.0;9.2734375
-1;29900;BANANAS;4950;9;4949;26;;;4956;27;;;;;4953.0;13.4296875
-1;29900;PEARLS;9998;8;9996;1;9995;26;10000;2;10004;1;10005;26;9999.0;200.0
-1;30000;BANANAS;4950;21;;;;;4955;6;4956;1;4957;20;4952.5;15.49609375
-1;30000;PEARLS;9996;1;9995;20;;;10002;7;10004;1;10005;20;9999.0;200.0
-1;30100;BANANAS;4949;22;;;;;4956;22;;;;;4952.5;7.7890625
-1;30100;PEARLS;9995;22;;;;;10000;5;10005;22;;;9997.5;200.0
-1;30200;PEARLS;9996;2;9995;22;;;10004;2;10005;22;;;10000.0;200.0
-1;30200;BANANAS;4949;24;;;;;4952;2;4956;24;;;4950.5;9.5546875
-1;30300;BANANAS;4949;2;4948;28;;;4953;7;4955;30;;;4951.0;6.53125
-1;30300;PEARLS;9996;2;9995;28;;;10002;7;10004;2;10005;28;9999.0;200.0
-1;30400;BANANAS;4948;23;;;;;4955;23;;;;;4951.5;2.6640625
-1;30400;PEARLS;9996;2;9995;21;;;10004;2;10005;21;;;10000.0;200.0
-1;30500;BANANAS;4948;29;;;;;4954;1;4955;28;;;4951.0;-0.44140625
-1;30500;PEARLS;9996;1;9995;28;;;10004;1;10005;28;;;10000.0;200.0
-1;30600;PEARLS;9995;30;;;;;10005;30;;;;;10000.0;200.0
-1;30600;BANANAS;4948;30;;;;;4955;30;;;;;4951.5;5.90234375
-1;30700;BANANAS;4953;3;4948;23;;;4955;23;;;;;4954.0;3.67578125
-1;30700;PEARLS;9996;1;9995;22;;;10004;1;10005;22;;;10000.0;200.0
-1;30800;BANANAS;4948;29;;;;;4955;29;;;;;4951.5;6.11328125
-1;30800;PEARLS;9995;29;;;;;10005;29;;;;;10000.0;200.0
-1;30900;BANANAS;4950;2;4949;23;;;4955;23;;;;;4952.5;7.06640625
-1;30900;PEARLS;9998;2;9995;23;;;10005;23;;;;;10001.5;200.0
-1;31000;PEARLS;9995;20;;;;;10005;20;;;;;10000.0;200.0
-1;31000;BANANAS;4950;20;;;;;4956;20;;;;;4953.0;14.86328125
-1;31100;BANANAS;4950;22;;;;;4956;1;4957;21;;;4953.0;16.03125
-1;31100;PEARLS;9996;1;9995;21;;;10004;1;10005;21;;;10000.0;200.0
-1;31200;BANANAS;4950;1;4949;27;;;4956;29;;;;;4953.0;14.3046875
-1;31200;PEARLS;9996;2;9995;27;;;10004;2;10005;27;;;10000.0;200.0
-1;31300;BANANAS;4950;30;;;;;4957;30;;;;;4953.5;17.44921875
-1;31300;PEARLS;9995;30;;;;;10005;30;;;;;10000.0;200.0
-1;31400;PEARLS;9996;2;9995;30;;;10004;2;10005;30;;;10000.0;200.0
-1;31400;BANANAS;4951;2;4950;30;;;4957;32;;;;;4954.0;22.609375
-1;31500;BANANAS;4951;22;;;;;4958;23;;;;;4954.5;23.25
-1;31500;PEARLS;9995;23;;;;;10005;23;;;;;10000.0;200.0
-1;31600;BANANAS;4952;2;4951;32;;;4958;32;;;;;4955.0;26.578125
-1;31600;PEARLS;9998;2;9996;2;9995;30;10004;2;10005;30;;;10001.0;200.0
-1;31700;BANANAS;4951;29;;;;;4956;2;4958;29;;;4953.5;23.75
-1;31700;PEARLS;9995;29;;;;;9998;4;10002;2;10005;29;9996.5;200.0
-1;31800;PEARLS;9995;21;;;;;10005;21;;;;;10000.0;208.0
-1;31800;BANANAS;4950;21;;;;;4957;21;;;;;4953.5;19.7734375
-1;31900;BANANAS;4952;9;4951;29;;;4957;2;4958;27;;;4954.5;23.25
-1;31900;PEARLS;9998;9;9996;2;9995;27;10004;2;10005;27;;;10001.0;208.0
-1;32000;BANANAS;4951;30;;;;;4957;1;4958;29;;;4954.0;23.2734375
-1;32000;PEARLS;9996;1;9995;29;;;10000;3;10004;1;10005;29;9998.0;208.0
-1;32100;BANANAS;4951;31;;;;;4957;1;4958;30;;;4954.0;25.1640625
-1;32100;PEARLS;9996;1;9995;30;;;10004;1;10005;30;;;10000.0;208.0
-1;32200;BANANAS;4951;26;;;;;4956;6;4957;1;4958;25;4953.5;23.50390625
-1;32200;PEARLS;9996;1;9995;25;;;10002;7;10004;1;10005;25;9999.0;208.0
-1;32300;PEARLS;9996;1;9995;25;;;10002;6;10004;1;10005;25;9999.0;208.0
-1;32300;BANANAS;4950;26;;;;;4955;7;4957;26;;;4952.5;20.65625
-1;32400;PEARLS;9996;2;9995;27;;;10002;1;10004;2;10005;27;9999.0;208.0
-1;32400;BANANAS;4950;29;;;;;4951;1;4955;1;4957;29;4950.5;19.33203125
-1;32500;BANANAS;4955;1;4950;25;;;4957;25;;;;;4956.0;17.90625
-1;32500;PEARLS;9996;2;9995;23;;;10004;2;10005;23;;;10000.0;208.0
-1;32600;PEARLS;9995;30;;;;;10005;30;;;;;10000.0;208.0
-1;32600;BANANAS;4950;30;;;;;4957;30;;;;;4953.5;16.9765625
-1;32700;PEARLS;10002;1;9996;1;9995;26;10004;1;10005;26;;;10003.0;208.0
-1;32700;BANANAS;4950;27;;;;;4956;1;4957;26;;;4953.0;15.671875
-1;32800;PEARLS;9995;23;;;;;10005;23;;;;;10000.0;210.0
-1;32800;BANANAS;4949;23;;;;;4956;23;;;;;4952.5;13.3984375
-1;32900;BANANAS;4950;24;;;;;4954;1;4956;24;;;4952.0;14.8828125
-1;32900;PEARLS;9996;1;9995;23;;;10002;1;10004;1;10005;23;9999.0;210.0
-1;33000;PEARLS;10002;1;9996;1;9995;27;10004;1;10005;27;;;10003.0;210.0
-1;33000;BANANAS;4949;28;;;;;4956;28;;;;;4952.5;11.98046875
-1;33100;PEARLS;9995;24;;;;;10005;24;;;;;10000.0;212.0
-1;33100;BANANAS;4948;24;;;;;4955;24;;;;;4951.5;3.8984375
-1;33200;PEARLS;9995;25;;;;;10002;9;10005;25;;;9998.5;212.0
-1;33200;BANANAS;4948;25;;;;;4953;9;4955;25;;;4950.5;4.17578125
-1;33300;BANANAS;4949;26;;;;;4954;7;4955;2;4956;24;4951.5;8.23046875
-1;33300;PEARLS;9996;2;9995;24;;;10002;7;10004;2;10005;24;9999.0;212.0
-1;33400;PEARLS;9995;27;;;;;10005;27;;;;;10000.0;212.0
-1;33400;BANANAS;4949;27;;;;;4956;27;;;;;4952.5;11.18359375
-1;33500;PEARLS;9998;10;9995;25;;;10005;25;;;;;10001.5;212.0
-1;33500;BANANAS;4950;10;4949;25;;;4956;25;;;;;4953.0;13.5625
-1;33600;PEARLS;9995;27;;;;;10005;27;;;;;10000.0;212.0
-1;33600;BANANAS;4949;27;;;;;4950;1;4956;27;;;4949.5;12.02734375
-1;33700;PEARLS;9998;7;9996;1;9995;22;10004;1;10005;22;;;10001.0;212.0
-1;33700;BANANAS;4950;1;4949;23;;;4955;1;4956;22;;;4952.5;8.6953125
-1;33800;BANANAS;4948;26;;;;;4955;26;;;;;4951.5;3.82421875
-1;33800;PEARLS;10002;1;9995;26;;;10005;26;;;;;10003.5;212.0
-1;33900;PEARLS;9995;24;;;;;10005;24;;;;;10000.0;214.0
-1;33900;BANANAS;4948;24;;;;;4955;24;;;;;4951.5;3.6875
-1;34000;PEARLS;10002;1;9996;1;9995;24;10004;1;10005;24;;;10003.0;214.0
-1;34000;BANANAS;4953;1;4948;25;;;4955;25;;;;;4954.0;3.19921875
-1;34100;PEARLS;9996;1;9995;26;;;10004;1;10005;26;;;10000.0;216.0
-1;34100;BANANAS;4948;26;;;;;4949;7;4955;27;;;4948.5;6.1953125
-1;34200;BANANAS;4949;27;;;;;4956;27;;;;;4952.5;10.8125
-1;34200;PEARLS;9996;1;9995;26;;;10004;1;10005;26;;;10000.0;216.0
-1;34300;PEARLS;9996;2;9995;20;;;10004;2;10005;20;;;10000.0;216.0
-1;34300;BANANAS;4949;21;;;;;4955;22;;;;;4952.0;6.7734375
-1;34400;PEARLS;9996;2;9995;23;;;10004;2;10005;23;;;10000.0;216.0
-1;34400;BANANAS;4949;1;4948;23;;;4955;25;;;;;4952.0;5.65625
-1;34500;PEARLS;9995;25;;;;;10002;2;10005;25;;;9998.5;216.0
-1;34500;BANANAS;4948;25;;;;;4953;2;4955;25;;;4950.5;3.265625
-1;34600;BANANAS;4948;22;;;;;4955;22;;;;;4951.5;4.4296875
-1;34600;PEARLS;9995;22;;;;;10005;22;;;;;10000.0;216.0
-1;34700;PEARLS;9995;29;;;;;9998;5;10005;29;;;9996.5;216.0
-1;34700;BANANAS;4948;29;;;;;4955;29;;;;;4951.5;5.84765625
-1;34800;PEARLS;10002;1;10000;2;9995;24;10005;24;;;;;10003.5;226.0
-1;34800;BANANAS;4948;24;;;;;4951;6;4955;24;;;4949.5;5.3046875
-1;34900;PEARLS;9996;2;9995;22;;;10004;2;10005;22;;;10000.0;228.0
-1;34900;BANANAS;4949;23;;;;;4955;2;4956;22;;;4952.0;7.52734375
-1;35000;BANANAS;4949;2;4948;20;;;4953;10;4955;22;;;4951.0;5.22265625
-1;35000;PEARLS;9996;2;9995;20;;;10002;10;10004;2;10005;20;9999.0;228.0
-1;35100;PEARLS;9996;1;9995;25;;;10004;1;10005;25;;;10000.0;228.0
-1;35100;BANANAS;4949;26;;;;;4956;26;;;;;4952.5;9.78125
-1;35200;PEARLS;9995;24;;;;;10005;24;;;;;10000.0;228.0
-1;35200;BANANAS;4949;24;;;;;4950;1;4956;24;;;4949.5;12.74609375
-1;35300;PEARLS;9998;9;9995;24;;;10005;24;;;;;10001.5;228.0
-1;35300;BANANAS;4951;9;4950;24;;;4957;24;;;;;4954.0;16.640625
-1;35400;BANANAS;4950;22;;;;;4957;22;;;;;4953.5;20.4140625
-1;35400;PEARLS;9995;22;;;;;10005;22;;;;;10000.0;228.0
-1;35500;PEARLS;10002;5;9995;25;;;10005;25;;;;;10003.5;228.0
-1;35500;BANANAS;4950;25;;;;;4951;1;4957;25;;;4950.5;20.4921875
-1;35600;PEARLS;9998;10;9996;1;9995;26;10004;1;10005;26;;;10001.0;238.0
-1;35600;BANANAS;4950;10;4949;26;;;4956;27;;;;;4953.0;13.37109375
-1;35700;PEARLS;10002;1;9996;1;9995;26;10004;1;10005;26;;;10003.0;238.0
-1;35700;BANANAS;4950;27;;;;;4955;1;4957;27;;;4952.5;20.4765625
-1;35800;BANANAS;4950;30;;;;;4956;2;4957;28;;;4953.0;16.38671875
-1;35800;PEARLS;9996;2;9995;28;;;10004;2;10005;28;;;10000.0;240.0
-1;35900;PEARLS;9996;1;9995;29;;;10002;3;10004;1;10005;29;9999.0;240.0
-1;35900;BANANAS;4950;1;4949;29;;;4951;4;4954;3;4956;30;4950.5;14.671875
-1;36000;PEARLS;9995;28;;;;;9998;1;10005;28;;;9996.5;240.0
-1;36000;BANANAS;4950;28;;;;;4957;28;;;;;4953.5;19.58203125
-1;36100;PEARLS;9995;26;;;;;9998;4;10005;26;;;9996.5;242.0
-1;36100;BANANAS;4950;26;;;;;4957;26;;;;;4953.5;20.1171875
-1;36200;BANANAS;4950;30;;;;;4955;3;4957;30;;;4952.5;20.62890625
-1;36200;PEARLS;9996;1;9995;29;;;10002;3;10004;1;10005;29;9999.0;250.0
-1;36300;PEARLS;9995;22;;;;;9998;1;10005;22;;;9996.5;250.0
-1;36300;BANANAS;4951;21;;;;;4958;22;;;;;4954.5;24.45703125
-1;36400;PEARLS;9996;1;9995;27;;;10002;5;10004;1;10005;27;9999.0;252.0
-1;36400;BANANAS;4950;28;;;;;4955;5;4957;28;;;4952.5;18.43359375
-1;36500;BANANAS;4951;1;4950;26;;;4955;10;4957;27;;;4953.0;20.95703125
-1;36500;PEARLS;9996;1;9995;26;;;10002;10;10004;1;10005;26;9999.0;252.0
-1;36600;BANANAS;4951;1;4950;21;;;4957;21;;;;;4954.0;15.5859375
-1;36600;PEARLS;10002;4;9998;1;9995;21;10005;21;;;;;10003.5;252.0
-1;36700;BANANAS;4954;11;4949;30;;;4956;30;;;;;4955.0;14.4140625
-1;36700;PEARLS;10002;1;9995;30;;;10005;30;;;;;10003.5;260.0
-1;36800;PEARLS;10002;1;9996;1;9995;26;10004;1;10005;26;;;10003.0;262.0
-1;36800;BANANAS;4950;27;;;;;4953;2;4957;27;;;4951.5;18.97265625
-1;36900;PEARLS;9996;2;9995;29;;;10002;3;10004;2;10005;29;9999.0;264.0
-1;36900;BANANAS;4950;31;;;;;4955;3;4957;31;;;4952.5;20.265625
-1;37000;BANANAS;4953;2;4951;4;4950;23;4957;23;;;;;4955.0;21.3671875
-1;37000;PEARLS;9998;4;9995;23;;;10005;23;;;;;10001.5;264.0
-1;37100;PEARLS;9996;1;9995;23;;;10004;1;10005;23;;;10000.0;264.0
-1;37100;BANANAS;4955;1;4950;24;;;4957;24;;;;;4956.0;17.5390625
-1;37200;PEARLS;9998;2;9995;22;;;10005;22;;;;;10001.5;264.0
-1;37200;BANANAS;4951;3;4950;22;;;4957;22;;;;;4954.0;18.2421875
-1;37300;PEARLS;10002;5;9995;27;;;10005;27;;;;;10003.5;264.0
-1;37300;BANANAS;4950;27;;;;;4955;7;4957;27;;;4952.5;16.01171875
-1;37400;BANANAS;4950;1;4949;22;;;4956;23;;;;;4953.0;13.91796875
-1;37400;PEARLS;9996;1;9995;22;;;10004;1;10005;22;;;10000.0;274.0
-1;37500;PEARLS;10002;1;9998;2;9995;29;10005;29;;;;;10003.5;274.0
-1;37500;BANANAS;4955;1;4951;2;4950;29;4957;29;;;;;4956.0;17.578125
-1;37600;PEARLS;9996;2;9995;24;;;10004;2;10005;24;;;10000.0;276.0
-1;37600;BANANAS;4950;26;;;;;4957;26;;;;;4953.5;17.26953125
-1;37700;PEARLS;9996;1;9995;28;;;10004;1;10005;28;;;10000.0;276.0
-1;37700;BANANAS;4955;1;4950;29;;;4957;29;;;;;4956.0;18.609375
-1;37800;BANANAS;4950;29;;;;;4957;29;;;;;4953.5;17.26171875
-1;37800;PEARLS;9996;2;9995;27;;;10004;2;10005;27;;;10000.0;276.0
-1;37900;BANANAS;4950;29;;;;;4952;2;4957;29;;;4951.0;20.30859375
-1;37900;PEARLS;9996;2;9995;27;;;10000;3;10004;2;10005;27;9998.0;276.0
-1;38000;PEARLS;9995;25;;;;;10002;5;10005;25;;;9998.5;276.0
-1;38000;BANANAS;4950;25;;;;;4954;5;4956;25;;;4952.0;15.1484375
-1;38100;BANANAS;4949;28;;;;;4950;1;4956;28;;;4949.5;11.203125
-1;38100;PEARLS;9995;28;;;;;10005;28;;;;;10000.0;276.0
-1;38200;BANANAS;4950;5;4949;23;;;4956;23;;;;;4953.0;12.85546875
-1;38200;PEARLS;9995;23;;;;;9998;2;10005;23;;;9996.5;276.0
-1;38300;BANANAS;4949;1;4948;26;;;4955;27;;;;;4952.0;7.08984375
-1;38300;PEARLS;9996;1;9995;26;;;10004;1;10005;26;;;10000.0;280.0
-1;38400;PEARLS;10002;1;9995;21;;;10005;21;;;;;10003.5;280.0
-1;38400;BANANAS;4948;21;;;;;4949;1;4955;21;;;4948.5;10.6640625
-1;38500;BANANAS;4954;1;4949;25;;;4955;2;4956;23;;;4954.5;12.390625
-1;38500;PEARLS;10002;1;9996;2;9995;23;10004;2;10005;23;;;10003.0;282.0
-1;38600;BANANAS;4948;27;;;;;4955;27;;;;;4951.5;11.5546875
-1;38600;PEARLS;10002;5;9995;27;;;10005;27;;;;;10003.5;284.0
-1;38700;BANANAS;4949;30;;;;;4955;1;4956;29;;;4952.0;12.76171875
-1;38700;PEARLS;9996;1;9995;29;;;10004;1;10005;29;;;10000.0;284.0
-1;38800;PEARLS;9995;27;;;;;10005;27;;;;;10000.0;284.0
-1;38800;BANANAS;4949;27;;;;;4956;27;;;;;4952.5;12.98046875
-1;38900;BANANAS;4950;26;;;;;4955;4;4956;1;4957;25;4952.5;22.359375
-1;38900;PEARLS;9996;1;9995;25;;;10004;1;10005;25;;;10000.0;284.0
-1;39000;BANANAS;4950;29;;;;;4957;29;;;;;4953.5;24.69140625
-1;39000;PEARLS;9995;29;;;;;10005;29;;;;;10000.0;284.0
-1;39100;BANANAS;4949;30;;;;;4954;10;4956;30;;;4951.5;18.3984375
-1;39100;PEARLS;9996;1;9995;29;;;10002;10;10004;1;10005;29;9999.0;284.0
-1;39200;PEARLS;9995;24;;;;;10005;24;;;;;10000.0;284.0
-1;39200;BANANAS;4955;1;4949;24;;;4956;24;;;;;4955.5;21.29296875
-1;39300;BANANAS;4950;3;4949;27;;;4956;27;;;;;4953.0;15.28515625
-1;39300;PEARLS;9998;3;9996;1;9995;26;10004;1;10005;26;;;10001.0;284.0
-1;39400;BANANAS;4950;2;4949;27;;;4956;29;;;;;4953.0;20.49609375
-1;39400;PEARLS;9996;2;9995;27;;;10004;2;10005;27;;;10000.0;284.0
-1;39500;BANANAS;4950;22;;;;;4957;22;;;;;4953.5;26.82421875
-1;39500;PEARLS;9996;2;9995;20;;;10004;2;10005;20;;;10000.0;284.0
-1;39600;PEARLS;9995;22;;;;;10005;22;;;;;10000.0;284.0
-1;39600;BANANAS;4949;22;;;;;4956;22;;;;;4952.5;20.640625
-1;39700;BANANAS;4949;20;;;;;4956;20;;;;;4952.5;20.2109375
-1;39700;PEARLS;9995;20;;;;;10005;20;;;;;10000.0;284.0
-1;39800;BANANAS;4949;31;;;;;4954;3;4956;31;;;4951.5;17.69921875
-1;39800;PEARLS;9996;1;9995;30;;;10002;3;10004;1;10005;30;9999.0;284.0
-1;39900;BANANAS;4950;1;4949;32;;;4956;32;;;;;4953.0;15.75390625
-1;39900;PEARLS;9998;1;9996;2;9995;30;10004;2;10005;30;;;10001.0;284.0
-1;40000;PEARLS;9998;9;9996;1;9995;30;10004;1;10005;30;;;10001.0;284.0
-1;40000;BANANAS;4953;5;4950;9;4949;31;4955;1;4956;30;;;4954.0;12.62109375
-1;40100;BANANAS;4949;27;;;;;4956;27;;;;;4952.5;14.8828125
-1;40100;PEARLS;10002;1;9995;27;;;10005;27;;;;;10003.5;284.0
-1;40200;BANANAS;4949;23;;;;;4954;7;4956;23;;;4951.5;15.890625
-1;40200;PEARLS;9996;1;9995;22;;;10002;7;10004;1;10005;22;9999.0;284.0
-1;40300;BANANAS;4949;25;;;;;4955;1;4956;24;;;4952.0;12.875
-1;40300;PEARLS;9996;1;9995;24;;;10000;4;10004;1;10005;24;9998.0;284.0
-1;40400;PEARLS;9996;1;9995;20;;;10002;10;10004;1;10005;20;9999.0;284.0
-1;40400;BANANAS;4948;21;;;;;4953;10;4954;1;4955;20;4950.5;3.21875
-1;40500;BANANAS;4948;24;;;;;4951;2;4955;24;;;4949.5;2.60546875
-1;40500;PEARLS;9995;24;;;;;10005;24;;;;;10000.0;284.0
-1;40600;BANANAS;4948;2;4947;24;;;4954;26;;;;;4951.0;-0.4140625
-1;40600;PEARLS;9996;2;9995;24;;;9998;7;10004;2;10005;24;9997.0;284.0
-1;40700;BANANAS;4948;26;;;;;4955;26;;;;;4951.5;7.58984375
-1;40700;PEARLS;9996;2;9995;24;;;10004;2;10005;24;;;10000.0;298.0
-1;40800;PEARLS;9995;29;;;;;10005;29;;;;;10000.0;298.0
-1;40800;BANANAS;4948;29;;;;;4955;29;;;;;4951.5;7.0546875
-1;40900;PEARLS;9995;22;;;;;10005;22;;;;;10000.0;298.0
-1;40900;BANANAS;4948;22;;;;;4955;22;;;;;4951.5;8.8828125
-1;41000;BANANAS;4949;5;4948;22;;;4951;4;4955;22;;;4950.0;5.796875
-1;41000;PEARLS;9998;5;9995;22;;;10005;22;;;;;10001.5;298.0
-1;41100;BANANAS;4947;23;;;;;4954;23;;;;;4950.5;-3.625
-1;41100;PEARLS;9996;1;9995;22;;;10004;1;10005;22;;;10000.0;298.0
-1;41200;BANANAS;4947;26;;;;;4954;26;;;;;4950.5;-4.515625
-1;41200;PEARLS;9996;1;9995;25;;;9998;8;10004;1;10005;25;9997.0;298.0
-1;41300;PEARLS;9996;1;9995;20;;;10000;6;10002;2;10004;1;9998.0;314.0
-1;41300;BANANAS;4946;21;;;;;4951;2;4953;21;;;4948.5;-11.65625
-1;41400;PEARLS;9995;23;;;;;10005;23;;;;;10000.0;314.0
-1;41400;BANANAS;4947;22;;;;;4950;4;4954;23;;;4948.5;-7.08203125
-1;41500;BANANAS;4948;6;4947;30;;;4954;30;;;;;4951.0;-5.4453125
-1;41500;PEARLS;9998;5;9995;30;;;10005;30;;;;;10001.5;314.0
-1;41600;PEARLS;9996;1;9995;27;;;9998;5;10004;1;10005;27;9997.0;314.0
-1;41600;BANANAS;4948;1;4947;27;;;4954;28;;;;;4951.0;1.49609375
-1;41700;PEARLS;9995;20;;;;;10005;20;;;;;10000.0;324.0
-1;41700;BANANAS;4947;20;;;;;4954;20;;;;;4950.5;-0.359375
-1;41800;PEARLS;9996;2;9995;28;;;10002;3;10004;2;10005;28;9999.0;324.0
-1;41800;BANANAS;4947;30;;;;;4952;3;4954;30;;;4949.5;-1.171875
-1;41900;BANANAS;4949;4;4948;30;;;4955;30;;;;;4952.0;5.7734375
-1;41900;PEARLS;9998;4;9996;2;9995;28;10004;2;10005;28;;;10001.0;324.0
-1;42000;PEARLS;9996;2;9995;28;;;10004;2;10005;28;;;10000.0;324.0
-1;42000;BANANAS;4948;30;;;;;4955;30;;;;;4951.5;7.69921875
-1;42100;PEARLS;9995;24;;;;;10005;24;;;;;10000.0;324.0
-1;42100;BANANAS;4948;24;;;;;4955;24;;;;;4951.5;8.2578125
-1;42200;PEARLS;9995;26;;;;;10002;4;10005;26;;;9998.5;324.0
-1;42200;BANANAS;4948;26;;;;;4953;4;4955;26;;;4950.5;9.02734375
-1;42300;BANANAS;4953;1;4948;24;;;4955;24;;;;;4954.0;7.015625
-1;42300;PEARLS;10000;4;9995;24;;;10005;24;;;;;10002.5;324.0
-1;42400;BANANAS;4948;25;;;;;4954;1;4955;24;;;4951.0;3.1953125
-1;42400;PEARLS;9996;1;9995;24;;;9998;5;10004;1;10005;24;9997.0;324.0
-1;42500;PEARLS;9996;2;9995;22;;;10004;2;10005;22;;;10000.0;334.0
-1;42500;BANANAS;4948;23;;;;;4954;2;4955;22;;;4951.0;2.875
-1;42600;PEARLS;9995;25;;;;;10002;10;10005;25;;;9998.5;334.0
-1;42600;BANANAS;4947;25;;;;;4952;10;4954;25;;;4949.5;0.55078125
-1;42700;PEARLS;9996;2;9995;20;;;10004;2;10005;20;;;10000.0;334.0
-1;42700;BANANAS;4947;21;;;;;4954;22;;;;;4950.5;-4.15625
-1;42800;BANANAS;4947;23;;;;;4954;23;;;;;4950.5;-6.83203125
-1;42800;PEARLS;9995;23;;;;;10005;23;;;;;10000.0;334.0
-1;42900;PEARLS;9995;22;;;;;10005;22;;;;;10000.0;334.0
-1;42900;BANANAS;4946;22;;;;;4953;22;;;;;4949.5;-9.2421875
-1;43000;PEARLS;10002;7;9996;1;9995;24;10004;1;10005;24;;;10003.0;334.0
-1;43000;BANANAS;4946;25;;;;;4953;25;;;;;4949.5;-15.0078125
-1;43100;PEARLS;9996;2;9995;23;;;10002;3;10004;2;10005;23;9999.0;348.0
-1;43100;BANANAS;4946;25;;;;;4951;3;4952;2;4953;23;4948.5;-15.50390625
-1;43200;BANANAS;4946;28;;;;;4953;28;;;;;4949.5;-12.51171875
-1;43200;PEARLS;9996;1;9995;27;;;10000;1;10004;1;10005;27;9998.0;348.0
-1;43300;PEARLS;9995;20;;;;;10005;20;;;;;10000.0;348.0
-1;43300;BANANAS;4946;20;;;;;4953;20;;;;;4949.5;-16.3671875
-1;43400;PEARLS;9996;2;9995;27;;;10002;8;10004;2;10005;27;9999.0;348.0
-1;43400;BANANAS;4946;28;;;;;4951;8;4952;2;4953;27;4948.5;-15.41796875
-1;43500;PEARLS;9996;1;9995;23;;;10002;10;10004;1;10005;23;9999.0;348.0
-1;43500;BANANAS;4946;24;;;;;4951;10;4952;1;4953;23;4948.5;-17.484375
-1;43600;BANANAS;4945;21;;;;;4950;1;4952;21;;;4947.5;-20.75390625
-1;43600;PEARLS;9995;21;;;;;10002;1;10005;21;;;9998.5;348.0
-1;43700;PEARLS;9996;2;9995;26;;;10004;2;10005;26;;;10000.0;348.0
-1;43700;BANANAS;4946;2;4945;26;;;4952;28;;;;;4949.0;-20.53515625
-1;43800;PEARLS;9995;25;;;;;9998;1;10005;25;;;9996.5;348.0
-1;43800;BANANAS;4945;25;;;;;4952;25;;;;;4948.5;-26.984375
-1;43900;PEARLS;9995;28;;;;;10005;28;;;;;10000.0;350.0
-1;43900;BANANAS;4945;28;;;;;4952;28;;;;;4948.5;-25.69140625
-1;44000;BANANAS;4945;26;;;;;4948;6;4951;26;;;4946.5;-27.86328125
-1;44000;PEARLS;10002;4;9996;1;9995;25;10004;1;10005;25;;;10003.0;350.0
-1;44100;PEARLS;9996;2;9995;28;;;10004;2;10005;28;;;10000.0;358.0
-1;44100;BANANAS;4945;1;4944;28;;;4951;30;;;;;4948.0;-29.984375
-1;44200;PEARLS;9998;4;9996;2;9995;20;10004;2;10005;20;;;10001.0;358.0
-1;44200;BANANAS;4945;6;4944;20;;;4951;22;;;;;4948.0;-27.15234375
-1;44300;PEARLS;9996;1;9995;24;;;10004;1;10005;24;;;10000.0;358.0
-1;44300;BANANAS;4945;25;;;;;4952;25;;;;;4948.5;-20.078125
-1;44400;BANANAS;4945;30;;;;;4952;30;;;;;4948.5;-21.1171875
-1;44400;PEARLS;9996;1;9995;29;;;10004;1;10005;29;;;10000.0;358.0
-1;44500;PEARLS;9996;1;9995;26;;;10004;1;10005;26;;;10000.0;358.0
-1;44500;BANANAS;4945;27;;;;;4952;27;;;;;4948.5;-18.875
-1;44600;PEARLS;9995;23;;;;;10005;23;;;;;10000.0;358.0
-1;44600;BANANAS;4945;23;;;;;4952;23;;;;;4948.5;-21.55859375
-1;44700;PEARLS;9996;1;9995;23;;;10002;9;10004;1;10005;23;9999.0;358.0
-1;44700;BANANAS;4945;1;4944;23;;;4949;9;4951;24;;;4947.0;-26.41796875
-1;44800;BANANAS;4945;2;4944;22;;;4949;10;4951;24;;;4947.0;-27.6484375
-1;44800;PEARLS;9996;2;9995;22;;;10002;10;10004;2;10005;22;9999.0;358.0
-1;44900;PEARLS;9995;26;;;;;10002;6;10005;26;;;9998.5;358.0
-1;44900;BANANAS;4945;26;;;;;4950;6;4952;26;;;4947.5;-24.56640625
-1;45000;PEARLS;9996;1;9995;26;;;10004;1;10005;26;;;10000.0;358.0
-1;45000;BANANAS;4945;27;;;;;4951;1;4952;26;;;4948.0;-23.02734375
-1;45100;PEARLS;9996;2;9995;25;;;9998;1;10004;2;10005;25;9997.0;358.0
-1;45100;BANANAS;4945;27;;;;;4951;2;4952;25;;;4948.0;-24.13671875
-1;45200;BANANAS;4945;27;;;;;4952;27;;;;;4948.5;-18.18359375
-1;45200;PEARLS;9995;27;;;;;10005;27;;;;;10000.0;360.0
-1;45300;BANANAS;4945;29;;;;;4946;1;4952;29;;;4945.5;-18.20703125
-1;45300;PEARLS;9996;1;9995;28;;;9998;1;10004;1;10005;28;9997.0;360.0
-1;45400;PEARLS;9996;1;9995;27;;;10004;1;10005;27;;;10000.0;362.0
-1;45400;BANANAS;4946;28;;;;;4952;1;4953;27;;;4949.0;-11.4453125
-1;45500;BANANAS;4946;1;4945;23;;;4952;24;;;;;4949.0;-14.81640625
-1;45500;PEARLS;9996;1;9995;23;;;10004;1;10005;23;;;10000.0;362.0
-1;45600;BANANAS;4951;1;4946;1;4945;24;4952;25;;;;;4951.5;-15.07421875
-1;45600;PEARLS;9996;1;9995;24;;;10004;1;10005;24;;;10000.0;362.0
-1;45700;PEARLS;10002;4;9995;30;;;10005;30;;;;;10003.5;362.0
-1;45700;BANANAS;4945;30;;;;;4952;30;;;;;4948.5;-16.5390625
-1;45800;PEARLS;9996;2;9995;24;;;10004;2;10005;24;;;10000.0;370.0
-1;45800;BANANAS;4946;2;4945;24;;;4952;26;;;;;4949.0;-16.6796875
-1;45900;PEARLS;9996;1;9995;21;;;10002;1;10004;1;10005;21;9999.0;370.0
-1;45900;BANANAS;4946;1;4945;21;;;4950;1;4952;22;;;4948.0;-15.09375
-1;46000;BANANAS;4946;27;;;;;4952;2;4953;25;;;4949.0;-13.64453125
-1;46000;PEARLS;9996;2;9995;25;;;9998;5;10004;2;10005;25;9997.0;370.0
-1;46100;PEARLS;9996;2;9995;25;;;10004;2;10005;25;;;10000.0;380.0
-1;46100;BANANAS;4945;27;;;;;4946;1;4952;27;;;4945.5;-17.12109375
-1;46200;PEARLS;9995;28;;;;;10005;28;;;;;10000.0;380.0
-1;46200;BANANAS;4945;28;;;;;4946;2;4952;28;;;4945.5;-23.25
-1;46300;PEARLS;9996;1;9995;22;;;10004;1;10005;22;;;10000.0;380.0
-1;46300;BANANAS;4950;1;4945;1;4944;22;4951;23;;;;;4950.5;-26.2421875
-1;46400;BANANAS;4944;26;;;;;4951;26;;;;;4947.5;-28.76953125
-1;46400;PEARLS;9995;26;;;;;10005;26;;;;;10000.0;380.0
-1;46500;PEARLS;9996;2;9995;23;;;10002;5;10004;2;10005;23;9999.0;380.0
-1;46500;BANANAS;4944;25;;;;;4945;1;4949;5;4951;25;4944.5;-29.48046875
-1;46600;PEARLS;9996;2;9995;21;;;10002;2;10004;2;10005;21;9999.0;380.0
-1;46600;BANANAS;4947;4;4944;23;;;4949;2;4951;23;;;4948.0;-28.68359375
-1;46700;PEARLS;9996;1;9995;22;;;10004;1;10005;22;;;10000.0;380.0
-1;46700;BANANAS;4944;23;;;;;4951;23;;;;;4947.5;-30.23046875
-1;46800;BANANAS;4945;6;4944;22;;;4951;23;;;;;4948.0;-26.5703125
-1;46800;PEARLS;9998;4;9996;1;9995;22;10004;1;10005;22;;;10001.0;380.0
-1;46900;BANANAS;4950;1;4944;28;;;4951;28;;;;;4950.5;-28.5390625
-1;46900;PEARLS;9996;2;9995;26;;;10004;2;10005;26;;;10000.0;380.0
-1;47000;PEARLS;9995;20;;;;;10002;8;10005;20;;;9998.5;380.0
-1;47000;BANANAS;4944;20;;;;;4949;8;4951;20;;;4946.5;-35.48828125
-1;47100;BANANAS;4945;4;4944;24;;;4951;24;;;;;4948.0;-29.9375
-1;47100;PEARLS;9998;5;9995;24;;;10005;24;;;;;10001.5;380.0
-1;47200;BANANAS;4950;1;4944;29;;;4951;29;;;;;4950.5;-26.046875
-1;47200;PEARLS;9995;29;;;;;10005;29;;;;;10000.0;380.0
-1;47300;BANANAS;4944;24;;;;;4951;24;;;;;4947.5;-27.57421875
-1;47300;PEARLS;9995;24;;;;;10005;24;;;;;10000.0;380.0
-1;47400;PEARLS;9996;2;9995;24;;;10002;5;10004;2;10005;24;9999.0;380.0
-1;47400;BANANAS;4945;26;;;;;4950;5;4951;2;4952;24;4947.5;-23.68359375
-1;47500;BANANAS;4944;28;;;;;4950;28;;;;;4947.0;-35.9296875
-1;47500;PEARLS;9995;28;;;;;10005;28;;;;;10000.0;380.0
-1;47600;BANANAS;4943;21;;;;;4950;21;;;;;4946.5;-37.98046875
-1;47600;PEARLS;9995;21;;;;;10005;21;;;;;10000.0;380.0
-1;47700;BANANAS;4943;24;;;;;4949;1;4950;23;;;4946.0;-45.94140625
-1;47700;PEARLS;9996;1;9995;23;;;9998;1;10004;1;10005;23;9997.0;380.0
-1;47800;PEARLS;9995;22;;;;;9998;1;10002;8;10005;22;9996.5;382.0
-1;47800;BANANAS;4943;22;;;;;4948;8;4950;22;;;4945.5;-45.859375
-1;47900;BANANAS;4944;1;4943;21;;;4949;21;;;;;4946.5;-47.0546875
-1;47900;PEARLS;9998;1;9995;21;;;10005;21;;;;;10001.5;384.0
-1;48000;BANANAS;4943;5;4942;27;;;4949;29;;;;;4946.0;-47.6640625
-1;48000;PEARLS;9998;3;9996;2;9995;27;10004;2;10005;27;;;10001.0;384.0
-1;48100;BANANAS;4942;29;;;;;4949;29;;;;;4945.5;-48.19140625
-1;48100;PEARLS;9995;29;;;;;10005;29;;;;;10000.0;384.0
-1;48200;PEARLS;9996;1;9995;25;;;10004;1;10005;25;;;10000.0;384.0
-1;48200;BANANAS;4942;26;;;;;4949;26;;;;;4945.5;-50.66796875
-1;48300;BANANAS;4948;1;4942;29;;;4949;29;;;;;4948.5;-51.87109375
-1;48300;PEARLS;9995;29;;;;;10005;29;;;;;10000.0;384.0
-1;48400;BANANAS;4947;1;4942;22;;;4949;22;;;;;4948.0;-56.23828125
-1;48400;PEARLS;9995;22;;;;;10005;22;;;;;10000.0;384.0
-1;48500;BANANAS;4942;25;;;;;4949;25;;;;;4945.5;-56.02734375
-1;48500;PEARLS;9995;25;;;;;10005;25;;;;;10000.0;384.0
-1;48600;PEARLS;9996;2;9995;20;;;10002;4;10004;2;10005;20;9999.0;384.0
-1;48600;BANANAS;4942;22;;;;;4947;4;4948;2;4949;20;4944.5;-56.125
-1;48700;BANANAS;4941;21;;;;;4948;21;;;;;4944.5;-61.4375
-1;48700;PEARLS;10002;2;9995;21;;;10005;21;;;;;10003.5;384.0
-1;48800;BANANAS;4943;10;4942;31;;;4949;31;;;;;4946.0;-53.94921875
-1;48800;PEARLS;9998;10;9996;2;9995;29;10004;2;10005;29;;;10001.0;388.0
-1;48900;BANANAS;4942;3;4941;24;;;4948;25;;;;;4945.0;-59.7421875
-1;48900;PEARLS;9998;3;9996;1;9995;24;10004;1;10005;24;;;10001.0;388.0
-1;49000;PEARLS;9995;29;;;;;10005;29;;;;;10000.0;388.0
-1;49000;BANANAS;4941;29;;;;;4948;29;;;;;4944.5;-62.3671875
-1;49100;BANANAS;4942;3;4941;26;;;4948;26;;;;;4945.0;-68.2734375
-1;49100;PEARLS;9998;3;9995;26;;;10005;26;;;;;10001.5;388.0
-1;49200;BANANAS;4940;25;;;;;4946;2;4947;23;;;4943.0;-78.33984375
-1;49200;PEARLS;9996;2;9995;23;;;10004;2;10005;23;;;10000.0;388.0
-1;49300;BANANAS;4945;1;4940;29;;;4946;29;;;;;4945.5;-79.75390625
-1;49300;PEARLS;9995;29;;;;;10005;29;;;;;10000.0;388.0
-1;49400;PEARLS;9998;5;9996;1;9995;21;10004;1;10005;21;;;10001.0;388.0
-1;49400;BANANAS;4945;1;4941;5;4940;22;4947;22;;;;;4946.0;-74.87109375
-1;49500;BANANAS;4940;23;;;;;4947;23;;;;;4943.5;-70.0703125
-1;49500;PEARLS;9995;23;;;;;10005;23;;;;;10000.0;388.0
-1;49600;BANANAS;4940;22;;;;;4947;22;;;;;4943.5;-71.86328125
-1;49600;PEARLS;9995;22;;;;;10005;22;;;;;10000.0;388.0
-1;49700;BANANAS;4941;24;;;;;4946;9;4947;2;4948;22;4943.5;-66.65625
-1;49700;PEARLS;9996;2;9995;22;;;10002;8;10004;2;10005;22;9999.0;388.0
-1;49800;BANANAS;4941;22;;;;;4948;22;;;;;4944.5;-65.3515625
-1;49800;PEARLS;9996;1;9995;21;;;9998;1;10004;1;10005;21;9997.0;388.0
-1;49900;PEARLS;9996;2;9995;20;;;10004;2;10005;20;;;10000.0;390.0
-1;49900;BANANAS;4941;22;;;;;4946;1;4947;2;4948;20;4943.5;-66.80859375
-1;50000;BANANAS;4943;1;4940;30;;;4947;30;;;;;4945.0;-73.328125
-1;50000;PEARLS;9996;1;9995;29;;;10004;1;10005;29;;;10000.0;390.0
-1;50100;BANANAS;4941;32;;;;;4947;2;4948;30;;;4944.0;-67.984375
-1;50100;PEARLS;9996;2;9995;30;;;10004;2;10005;30;;;10000.0;390.0
-1;50200;PEARLS;9998;1;9996;2;9995;23;10004;2;10005;23;;;10001.0;390.0
-1;50200;BANANAS;4942;1;4941;25;;;4948;25;;;;;4945.0;-61.1328125
-1;50300;PEARLS;9996;1;9995;25;;;10002;5;10004;1;10005;25;9999.0;390.0
-1;50300;BANANAS;4942;1;4941;25;;;4946;6;4948;26;;;4944.0;-58.57421875
-1;50400;PEARLS;10002;4;9996;1;9995;29;10004;1;10005;29;;;10003.0;390.0
-1;50400;BANANAS;4942;1;4941;29;;;4948;30;;;;;4945.0;-60.859375
-1;50500;BANANAS;4942;1;4941;28;;;4948;29;;;;;4945.0;-58.50390625
-1;50500;PEARLS;10002;4;9996;1;9995;28;10004;1;10005;28;;;10003.0;398.0
-1;50600;PEARLS;9996;1;9995;23;;;10004;1;10005;23;;;10000.0;406.0
-1;50600;BANANAS;4947;1;4942;24;;;4948;1;4949;23;;;4947.5;-57.375
-1;50700;PEARLS;9995;25;;;;;10002;3;10005;25;;;9998.5;406.0
-1;50700;BANANAS;4941;25;;;;;4943;1;4946;3;4948;25;4942.0;-58.875
-1;50800;PEARLS;9995;24;;;;;9998;1;10002;6;10005;24;9996.5;406.0
-1;50800;BANANAS;4941;24;;;;;4946;6;4948;24;;;4943.5;-59.62890625
-1;50900;BANANAS;4941;27;;;;;4948;27;;;;;4944.5;-62.0078125
-1;50900;PEARLS;9996;1;9995;26;;;10004;1;10005;26;;;10000.0;408.0
-1;51000;PEARLS;9996;2;9995;22;;;10004;2;10005;22;;;10000.0;408.0
-1;51000;BANANAS;4942;2;4941;22;;;4948;24;;;;;4945.0;-58.42578125
-1;51100;PEARLS;9996;1;9995;26;;;10004;1;10005;26;;;10000.0;408.0
-1;51100;BANANAS;4941;27;;;;;4948;27;;;;;4944.5;-62.3125
-1;51200;PEARLS;9996;2;9995;30;;;10004;2;10005;30;;;10000.0;408.0
-1;51200;BANANAS;4941;2;4940;30;;;4947;32;;;;;4944.0;-71.109375
-1;51300;PEARLS;9996;2;9995;23;;;10004;2;10005;23;;;10000.0;408.0
-1;51300;BANANAS;4941;25;;;;;4947;25;;;;;4944.0;-69.0546875
-1;51400;BANANAS;4941;23;;;;;4948;23;;;;;4944.5;-68.6171875
-1;51400;PEARLS;9995;23;;;;;10005;23;;;;;10000.0;408.0
-1;51500;PEARLS;9996;2;9995;20;;;10004;2;10005;20;;;10000.0;408.0
-1;51500;BANANAS;4941;22;;;;;4948;22;;;;;4944.5;-64.90234375
-1;51600;PEARLS;9996;2;9995;29;;;10004;2;10005;29;;;10000.0;408.0
-1;51600;BANANAS;4941;31;;;;;4947;2;4948;29;;;4944.0;-67.01171875
-1;51700;PEARLS;9996;2;9995;30;;;10002;5;10004;2;10005;30;9999.0;408.0
-1;51700;BANANAS;4941;32;;;;;4946;5;4947;2;4948;30;4943.5;-65.98828125
-1;51800;BANANAS;4942;2;4941;24;;;4948;26;;;;;4945.0;-61.0234375
-1;51800;PEARLS;9996;2;9995;24;;;10004;2;10005;24;;;10000.0;408.0
-1;51900;PEARLS;9996;1;9995;26;;;10002;6;10004;1;10005;26;9999.0;408.0
-1;51900;BANANAS;4941;27;;;;;4946;6;4948;27;;;4943.5;-63.21875
-1;52000;PEARLS;10000;3;9996;1;9995;23;10004;1;10005;23;;;10002.0;408.0
-1;52000;BANANAS;4941;24;;;;;4947;1;4948;23;;;4944.0;-67.921875
-1;52100;PEARLS;9995;30;;;;;10005;30;;;;;10000.0;408.0
-1;52100;BANANAS;4940;30;;;;;4947;30;;;;;4943.5;-70.88671875
-1;52200;BANANAS;4941;28;;;;;4946;3;4948;28;;;4943.5;-65.921875
-1;52200;PEARLS;9995;28;;;;;10002;3;10005;28;;;9998.5;408.0
-1;52300;PEARLS;9995;21;;;;;10002;3;10005;21;;;9998.5;408.0
-1;52300;BANANAS;4940;21;;;;;4945;2;4947;21;;;4942.5;-69.58984375
-1;52400;PEARLS;10000;6;9996;2;9995;22;10004;2;10005;22;;;10002.0;408.0
-1;52400;BANANAS;4941;2;4940;22;;;4947;24;;;;;4944.0;-69.671875
-1;52500;PEARLS;9996;1;9995;30;;;10004;1;10005;30;;;10000.0;408.0
-1;52500;BANANAS;4941;1;4940;30;;;4947;31;;;;;4944.0;-70.0625
-1;52600;BANANAS;4941;24;;;;;4947;1;4948;23;;;4944.0;-67.55078125
-1;52600;PEARLS;9996;1;9995;23;;;9998;2;10004;1;10005;23;9997.0;408.0
-1;52700;PEARLS;9995;29;;;;;9998;1;10005;29;;;9996.5;412.0
-1;52700;BANANAS;4941;29;;;;;4948;29;;;;;4944.5;-67.3046875
-1;52800;PEARLS;9995;24;;;;;9998;1;10005;24;;;9996.5;414.0
-1;52800;BANANAS;4941;24;;;;;4948;24;;;;;4944.5;-64.45703125
-1;52900;PEARLS;9996;1;9995;30;;;10004;1;10005;30;;;10000.0;416.0
-1;52900;BANANAS;4941;31;;;;;4947;1;4948;30;;;4944.0;-68.42578125
-1;53000;BANANAS;4941;28;;;;;4948;28;;;;;4944.5;-61.03515625
-1;53000;PEARLS;9995;28;;;;;10005;28;;;;;10000.0;416.0
-1;53100;PEARLS;9996;1;9995;30;;;10004;1;10005;30;;;10000.0;416.0
-1;53100;BANANAS;4943;31;;;;;4949;1;4950;30;;;4946.0;-43.9921875
-1;53200;PEARLS;9996;1;9995;30;;;9998;1;10004;1;10005;30;9997.0;416.0
-1;53200;BANANAS;4943;31;;;;;4950;31;;;;;4946.5;-42.9765625
-1;53300;PEARLS;9996;1;9995;23;;;10004;1;10005;23;;;10000.0;418.0
-1;53300;BANANAS;4943;24;;;;;4950;24;;;;;4946.5;-43.81640625
-1;53400;BANANAS;4942;23;;;;;4943;1;4949;23;;;4942.5;-50.19140625
-1;53400;PEARLS;9995;23;;;;;10005;23;;;;;10000.0;418.0
-1;53500;PEARLS;9996;1;9995;25;;;10002;8;10004;1;10005;25;9999.0;418.0
-1;53500;BANANAS;4943;26;;;;;4948;8;4949;1;4950;25;4945.5;-42.3203125
-1;53600;PEARLS;9998;2;9995;23;;;10005;23;;;;;10001.5;418.0
-1;53600;BANANAS;4943;1;4942;23;;;4949;23;;;;;4946.0;-46.90625
-1;53700;PEARLS;9996;2;9995;25;;;10002;10;10004;2;10005;25;9999.0;418.0
-1;53700;BANANAS;4943;27;;;;;4948;10;4949;2;4950;25;4945.5;-42.328125
-1;53800;BANANAS;4944;2;4943;23;;;4948;6;4950;25;;;4946.0;-34.703125
-1;53800;PEARLS;9996;2;9995;23;;;9998;13;10002;6;10004;2;9997.0;418.0
-1;53900;PEARLS;9995;28;;;;;10005;28;;;;;10000.0;444.0
-1;53900;BANANAS;4949;1;4948;4;4944;28;4951;28;;;;;4950.0;-29.3984375
-1;54000;PEARLS;9996;1;9995;21;;;10004;1;10005;21;;;10000.0;444.0
-1;54000;BANANAS;4945;1;4944;21;;;4951;22;;;;;4948.0;-21.59375
-1;54100;PEARLS;9995;23;;;;;10005;23;;;;;10000.0;444.0
-1;54100;BANANAS;4944;23;;;;;4951;23;;;;;4947.5;-27.4921875
-1;54200;BANANAS;4943;21;;;;;4950;21;;;;;4946.5;-35.4453125
-1;54200;PEARLS;9996;1;9995;20;;;10004;1;10005;20;;;10000.0;444.0
-1;54300;BANANAS;4945;1;4944;25;;;4951;25;;;;;4948.0;-28.66015625
-1;54300;PEARLS;9998;1;9995;25;;;10005;25;;;;;10001.5;444.0
-1;54400;PEARLS;9996;2;9995;22;;;10004;2;10005;22;;;10000.0;444.0
-1;54400;BANANAS;4944;23;;;;;4951;24;;;;;4947.5;-27.9296875
-1;54500;BANANAS;4944;29;;;;;4945;1;4949;9;4951;29;4944.5;-26.22265625
-1;54500;PEARLS;9995;29;;;;;10002;9;10005;29;;;9998.5;444.0
-1;54600;BANANAS;4945;4;4944;28;;;4950;2;4951;26;;;4947.5;-30.1328125
-1;54600;PEARLS;9998;4;9996;2;9995;26;10004;2;10005;26;;;10001.0;444.0
-1;54700;PEARLS;9998;2;9995;21;;;10005;21;;;;;10001.5;444.0
-1;54700;BANANAS;4944;3;4943;21;;;4950;21;;;;;4947.0;-34.2734375
-1;54800;PEARLS;9996;1;9995;23;;;10004;1;10005;23;;;10000.0;444.0
-1;54800;BANANAS;4943;24;;;;;4950;24;;;;;4946.5;-39.1171875
-1;54900;PEARLS;9996;1;9995;28;;;10004;1;10005;28;;;10000.0;444.0
-1;54900;BANANAS;4943;1;4942;28;;;4949;29;;;;;4946.0;-47.3125
-1;55000;BANANAS;4943;27;;;;;4949;27;;;;;4946.0;-43.7109375
-1;55000;PEARLS;9995;27;;;;;9998;5;10005;27;;;9996.5;444.0
-1;55100;PEARLS;10002;9;9996;2;9995;29;10004;2;10005;29;;;10003.0;454.0
-1;55100;BANANAS;4943;31;;;;;4950;31;;;;;4946.5;-39.0390625
-1;55200;PEARLS;9995;25;;;;;10005;25;;;;;10000.0;472.0
-1;55200;BANANAS;4943;25;;;;;4950;25;;;;;4946.5;-36.79296875
-1;55300;PEARLS;9996;1;9995;24;;;10002;7;10004;1;10005;24;9999.0;472.0
-1;55300;BANANAS;4944;1;4943;24;;;4948;7;4950;25;;;4946.0;-32.75
-1;55400;BANANAS;4944;1;4943;22;;;4950;23;;;;;4947.0;-34.671875
-1;55400;PEARLS;9996;1;9995;22;;;10004;1;10005;22;;;10000.0;472.0
-1;55500;PEARLS;9995;26;;;;;10005;26;;;;;10000.0;472.0
-1;55500;BANANAS;4947;2;4943;26;;;4949;26;;;;;4948.0;-43.921875
-1;55600;PEARLS;9998;7;9996;1;9995;27;10004;1;10005;27;;;10001.0;472.0
-1;55600;BANANAS;4943;7;4942;28;;;4949;28;;;;;4946.0;-48.03125
-1;55700;BANANAS;4943;21;;;;;4948;7;4950;21;;;4945.5;-42.48828125
-1;55700;PEARLS;9995;21;;;;;10002;7;10005;21;;;9998.5;472.0
-1;55800;BANANAS;4943;23;;;;;4950;23;;;;;4946.5;-37.87109375
-1;55800;PEARLS;9996;2;9995;21;;;10004;2;10005;21;;;10000.0;472.0
-1;55900;BANANAS;4943;24;;;;;4950;24;;;;;4946.5;-40.34375
-1;55900;PEARLS;9995;24;;;;;9998;11;10005;24;;;9996.5;472.0
-1;56000;PEARLS;9996;2;9995;20;;;10004;2;10005;20;;;10000.0;494.0
-1;56000;BANANAS;4943;22;;;;;4950;22;;;;;4946.5;-40.30859375
-1;56100;BANANAS;4943;30;;;;;4950;30;;;;;4946.5;-35.69140625
-1;56100;PEARLS;9996;1;9995;29;;;10004;1;10005;29;;;10000.0;494.0
-1;56200;BANANAS;4943;28;;;;;4950;28;;;;;4946.5;-35.48046875
-1;56200;PEARLS;9996;2;9995;26;;;10004;2;10005;26;;;10000.0;494.0
-1;56300;BANANAS;4943;23;;;;;4948;8;4950;23;;;4945.5;-39.6171875
-1;56300;PEARLS;9995;23;;;;;10002;8;10005;23;;;9998.5;494.0
-1;56400;PEARLS;9998;6;9995;23;;;10005;23;;;;;10001.5;494.0
-1;56400;BANANAS;4944;6;4943;23;;;4950;23;;;;;4947.0;-42.84375
-1;56500;BANANAS;4943;25;;;;;4950;25;;;;;4946.5;-41.4296875
-1;56500;PEARLS;9995;25;;;;;10005;25;;;;;10000.0;494.0
-1;56600;BANANAS;4943;27;;;;;4949;27;;;;;4946.0;-44.34375
-1;56600;PEARLS;9996;1;9995;26;;;10004;1;10005;26;;;10000.0;494.0
-1;56700;BANANAS;4943;24;;;;;4950;25;;;;;4946.5;-41.4296875
-1;56700;PEARLS;9995;25;;;;;10005;25;;;;;10000.0;494.0
-1;56800;PEARLS;9995;24;;;;;10005;24;;;;;10000.0;494.0
-1;56800;BANANAS;4943;23;;;;;4950;24;;;;;4946.5;-42.859375
-1;56900;BANANAS;4944;5;4943;20;;;4950;20;;;;;4947.0;-41.10546875
-1;56900;PEARLS;9998;5;9995;20;;;10005;20;;;;;10001.5;494.0
-1;57000;BANANAS;4943;25;;;;;4949;25;;;;;4946.0;-43.8046875
-1;57000;PEARLS;9995;25;;;;;10005;25;;;;;10000.0;494.0
-1;57100;BANANAS;4943;27;;;;;4949;2;4950;25;;;4946.0;-43.015625
-1;57100;PEARLS;9996;2;9995;25;;;10004;2;10005;25;;;10000.0;494.0
-1;57200;PEARLS;9995;26;;;;;10005;26;;;;;10000.0;494.0
-1;57200;BANANAS;4943;26;;;;;4946;2;4950;26;;;4944.5;-40.84765625
-1;57300;BANANAS;4943;25;;;;;4950;25;;;;;4946.5;-37.96875
-1;57300;PEARLS;10002;1;9995;25;;;10005;25;;;;;10003.5;494.0
-1;57400;BANANAS;4944;1;4943;26;;;4948;2;4950;28;;;4946.0;-34.3125
-1;57400;PEARLS;9996;2;9995;26;;;10002;2;10004;2;10005;26;9999.0;496.0
-1;57500;BANANAS;4944;31;;;;;4949;1;4951;31;;;4946.5;-23.796875
-1;57500;PEARLS;9996;1;9995;30;;;10002;1;10004;1;10005;30;9999.0;496.0
-1;57600;PEARLS;9995;29;;;;;9998;1;10005;29;;;9996.5;496.0
-1;57600;BANANAS;4944;29;;;;;4951;29;;;;;4947.5;-21.4140625
-1;57700;BANANAS;4945;2;4944;28;;;4949;2;4951;30;;;4947.0;-22.2265625
-1;57700;PEARLS;9996;2;9995;28;;;10002;2;10004;2;10005;28;9999.0;498.0
-1;57800;BANANAS;4945;2;4944;26;;;4951;28;;;;;4948.0;-20.96875
-1;57800;PEARLS;9996;2;9995;26;;;10004;2;10005;26;;;10000.0;498.0
-1;57900;BANANAS;4944;32;;;;;4950;2;4951;30;;;4947.0;-29.12890625
-1;57900;PEARLS;10002;1;9996;2;9995;30;10004;2;10005;30;;;10003.0;498.0
-1;58000;PEARLS;9998;7;9995;23;;;10005;23;;;;;10001.5;500.0
-1;58000;BANANAS;4945;6;4944;23;;;4951;23;;;;;4948.0;-30.8984375
-1;58100;BANANAS;4943;23;;;;;4950;24;;;;;4946.5;-34.203125
-1;58100;PEARLS;9996;1;9995;23;;;10004;1;10005;23;;;10000.0;500.0
-1;58200;BANANAS;4944;26;;;;;4950;2;4951;24;;;4947.0;-29.375
-1;58200;PEARLS;9996;2;9995;24;;;10004;2;10005;24;;;10000.0;500.0
-1;58300;BANANAS;4944;23;;;;;4951;23;;;;;4947.5;-28.4296875
-1;58300;PEARLS;9996;2;9995;21;;;9998;1;10004;2;10005;21;9997.0;500.0
-1;58400;PEARLS;9995;21;;;;;10000;4;10005;21;;;9997.5;502.0
-1;58400;BANANAS;4944;21;;;;;4951;21;;;;;4947.5;-21.81640625
-1;58500;BANANAS;4945;30;;;;;4951;30;;;;;4948.0;-20.15234375
-1;58500;PEARLS;9996;1;9995;29;;;9998;1;10004;1;10005;29;9997.0;502.0
-1;58600;BANANAS;4945;4;4944;27;;;4951;29;;;;;4948.0;-23.03125
-1;58600;PEARLS;9998;2;9996;2;9995;27;10004;2;10005;27;;;10001.0;504.0
-1;58700;BANANAS;4945;1;4944;24;;;4951;25;;;;;4948.0;-22.015625
-1;58700;PEARLS;9996;1;9995;24;;;10004;1;10005;24;;;10000.0;504.0
-1;58800;BANANAS;4945;5;4944;24;;;4951;24;;;;;4948.0;-25.671875
-1;58800;PEARLS;9998;4;9996;2;9995;22;10004;2;10005;22;;;10001.0;504.0
-1;58900;PEARLS;9995;22;;;;;9998;1;10005;22;;;9996.5;504.0
-1;58900;BANANAS;4944;22;;;;;4951;22;;;;;4947.5;-23.828125
-1;59000;PEARLS;9995;26;;;;;10005;26;;;;;10000.0;506.0
-1;59000;BANANAS;4945;9;4944;26;;;4951;26;;;;;4948.0;-21.2578125
-1;59100;BANANAS;4944;30;;;;;4945;12;4951;30;;;4944.5;-22.1796875
-1;59100;PEARLS;9995;30;;;;;9998;2;10005;30;;;9996.5;506.0
-1;59200;PEARLS;10000;3;9996;2;9995;29;10004;2;10005;29;;;10002.0;506.0
-1;59200;BANANAS;4949;1;4944;31;;;4951;31;;;;;4950.0;-24.828125
-1;59300;PEARLS;9996;2;9995;28;;;9998;13;10004;2;10005;28;9997.0;506.0
-1;59300;BANANAS;4944;30;;;;;4950;2;4951;28;;;4947.0;-29.6484375
-1;59400;PEARLS;9995;28;;;;;10005;28;;;;;10000.0;506.0
-1;59400;BANANAS;4944;28;;;;;4949;3;4951;28;;;4946.5;-27.0546875
-1;59500;BANANAS;4945;1;4944;29;;;4950;29;;;;;4947.5;-32.1875
-1;59500;PEARLS;9998;1;9996;2;9995;27;10004;2;10005;27;;;10001.0;506.0
-1;59600;PEARLS;9995;25;;;;;10005;25;;;;;10000.0;506.0
-1;59600;BANANAS;4944;25;;;;;4951;25;;;;;4947.5;-26.671875
-1;59700;PEARLS;9998;8;9996;2;9995;26;10004;2;10005;26;;;10001.0;506.0
-1;59700;BANANAS;4945;10;4944;26;;;4951;28;;;;;4948.0;-21.25
-1;59800;PEARLS;9995;20;;;;;10005;20;;;;;10000.0;506.0
-1;59800;BANANAS;4944;20;;;;;4951;20;;;;;4947.5;-20.671875
-1;59900;BANANAS;4946;1;4945;24;;;4951;2;4952;22;;;4948.5;-17.9140625
-1;59900;PEARLS;10002;1;9998;1;9996;2;10004;2;10005;22;;;10003.0;506.0
-1;60000;PEARLS;9998;4;9996;2;9995;29;10004;2;10005;29;;;10001.0;508.0
-1;60000;BANANAS;4946;4;4945;31;;;4952;31;;;;;4949.0;-11.75
-1;60100;PEARLS;9995;25;;;;;9998;1;10005;25;;;9996.5;508.0
-1;60100;BANANAS;4945;25;;;;;4952;25;;;;;4948.5;-9.16015625
-1;60200;PEARLS;10000;3;9996;1;9995;21;10004;1;10005;21;;;10002.0;510.0
-1;60200;BANANAS;4946;1;4945;21;;;4952;22;;;;;4949.0;-9.41796875
-1;60300;PEARLS;9996;2;9995;22;;;10004;2;10005;22;;;10000.0;510.0
-1;60300;BANANAS;4945;24;;;;;4952;24;;;;;4948.5;-11.66796875
-1;60400;BANANAS;4946;1;4945;24;;;4952;25;;;;;4949.0;-11.31640625
-1;60400;PEARLS;10000;4;9996;1;9995;24;10004;1;10005;24;;;10002.0;510.0
-1;60500;PEARLS;9996;2;9995;20;;;10004;2;10005;20;;;10000.0;510.0
-1;60500;BANANAS;4946;2;4945;20;;;4952;22;;;;;4949.0;-10.16796875
-1;60600;PEARLS;9995;27;;;;;10002;3;10005;27;;;9998.5;510.0
-1;60600;BANANAS;4945;27;;;;;4950;3;4952;27;;;4947.5;-9.8515625
-1;60700;PEARLS;9996;2;9995;29;;;10002;8;10004;2;10005;29;9999.0;510.0
-1;60700;BANANAS;4946;31;;;;;4951;8;4952;2;4953;29;4948.5;-7.14453125
-1;60800;BANANAS;4945;25;;;;;4952;25;;;;;4948.5;-15.796875
-1;60800;PEARLS;9996;1;9995;24;;;10004;1;10005;24;;;10000.0;510.0
-1;60900;PEARLS;9996;2;9995;23;;;10004;2;10005;23;;;10000.0;510.0
-1;60900;BANANAS;4945;2;4944;23;;;4951;25;;;;;4948.0;-21.3203125
-1;61000;PEARLS;9996;1;9995;30;;;10004;1;10005;30;;;10000.0;510.0
-1;61000;BANANAS;4944;31;;;;;4951;31;;;;;4947.5;-26.75
-1;61100;PEARLS;9996;2;9995;30;;;10004;2;10005;30;;;10000.0;510.0
-1;61100;BANANAS;4944;32;;;;;4945;2;4947;3;4951;32;4944.5;-26.21875
-1;61200;BANANAS;4944;30;;;;;4951;30;;;;;4947.5;-29.5546875
-1;61200;PEARLS;9995;30;;;;;10005;30;;;;;10000.0;510.0
-1;61300;PEARLS;9996;1;9995;30;;;10004;1;10005;30;;;10000.0;510.0
-1;61300;BANANAS;4944;31;;;;;4950;31;;;;;4947.0;-32.12890625
-1;61400;PEARLS;10002;2;9996;2;9995;26;10004;2;10005;26;;;10003.0;510.0
-1;61400;BANANAS;4944;28;;;;;4951;28;;;;;4947.5;-25.671875
-1;61500;PEARLS;10002;6;9995;29;;;10005;29;;;;;10003.5;514.0
-1;61500;BANANAS;4945;29;;;;;4952;29;;;;;4948.5;-15.93359375
-1;61600;BANANAS;4945;26;;;;;4952;26;;;;;4948.5;-15.5078125
-1;61600;PEARLS;9996;1;9995;25;;;10004;1;10005;25;;;10000.0;526.0
-1;61700;PEARLS;9996;1;9995;22;;;10004;1;10005;22;;;10000.0;526.0
-1;61700;BANANAS;4950;1;4945;23;;;4951;1;4952;22;;;4950.5;-18.96875
-1;61800;PEARLS;9995;29;;;;;10005;29;;;;;10000.0;526.0
-1;61800;BANANAS;4944;29;;;;;4951;29;;;;;4947.5;-23.21875
-1;61900;PEARLS;9996;2;9995;23;;;9998;1;10004;2;10005;23;9997.0;526.0
-1;61900;BANANAS;4945;2;4944;23;;;4951;25;;;;;4948.0;-22.671875
-1;62000;BANANAS;4944;23;;;;;4950;1;4951;22;;;4947.0;-31.0078125
-1;62000;PEARLS;9996;1;9995;22;;;10004;1;10005;22;;;10000.0;528.0
-1;62100;PEARLS;9996;1;9995;24;;;10004;1;10005;24;;;10000.0;528.0
-1;62100;BANANAS;4944;25;;;;;4950;1;4951;24;;;4947.0;-29.36328125
-1;62200;PEARLS;9998;9;9995;26;;;10005;26;;;;;10001.5;528.0
-1;62200;BANANAS;4944;8;4943;26;;;4950;26;;;;;4947.0;-34.3046875
-1;62300;PEARLS;9996;1;9995;21;;;10004;1;10005;21;;;10000.0;528.0
-1;62300;BANANAS;4944;22;;;;;4951;22;;;;;4947.5;-26.80859375
-1;62400;BANANAS;4944;26;;;;;4951;26;;;;;4947.5;-29.78515625
-1;62400;PEARLS;9995;26;;;;;10005;26;;;;;10000.0;528.0
-1;62500;PEARLS;9996;2;9995;27;;;10004;2;10005;27;;;10000.0;528.0
-1;62500;BANANAS;4944;29;;;;;4950;2;4951;27;;;4947.0;-30.78125
-1;62600;PEARLS;9996;2;9995;29;;;10004;2;10005;29;;;10000.0;528.0
-1;62600;BANANAS;4943;31;;;;;4950;31;;;;;4946.5;-35.57421875
-1;62700;PEARLS;9995;25;;;;;10002;4;10005;25;;;9998.5;528.0
-1;62700;BANANAS;4944;25;;;;;4949;4;4951;25;;;4946.5;-31.28125
-1;62800;BANANAS;4943;28;;;;;4950;28;;;;;4946.5;-37.91796875
-1;62800;PEARLS;9996;1;9995;27;;;10004;1;10005;27;;;10000.0;528.0
-1;62900;PEARLS;9996;1;9995;21;;;10004;1;10005;21;;;10000.0;528.0
-1;62900;BANANAS;4943;22;;;;;4950;22;;;;;4946.5;-37.75390625
-1;63000;PEARLS;9996;2;9995;25;;;10004;2;10005;25;;;10000.0;528.0
-1;63000;BANANAS;4943;27;;;;;4950;27;;;;;4946.5;-39.5625
-1;63100;BANANAS;4943;20;;;;;4948;1;4950;20;;;4945.5;-39.8203125
-1;63100;PEARLS;9995;20;;;;;10002;1;10005;20;;;9998.5;528.0
-1;63200;BANANAS;4943;24;;;;;4950;24;;;;;4946.5;-40.26171875
-1;63200;PEARLS;9995;24;;;;;10005;24;;;;;10000.0;528.0
-1;63300;BANANAS;4943;28;;;;;4950;28;;;;;4946.5;-40.6015625
-1;63300;PEARLS;9996;2;9995;26;;;10004;2;10005;26;;;10000.0;528.0
-1;63400;PEARLS;9996;1;9995;30;;;10002;9;10004;1;10005;30;9999.0;528.0
-1;63400;BANANAS;4943;31;;;;;4948;9;4950;31;;;4945.5;-38.7421875
-1;63500;PEARLS;9996;2;9995;30;;;9998;1;10002;3;10004;2;9997.0;528.0
-1;63500;BANANAS;4943;32;;;;;4948;3;4950;32;;;4945.5;-38.2265625
-1;63600;BANANAS;4943;31;;;;;4948;6;4950;31;;;4945.5;-38.0
-1;63600;PEARLS;9996;1;9995;30;;;10002;6;10004;1;10005;30;9999.0;530.0
-1;63700;PEARLS;9998;8;9996;2;9995;22;10004;2;10005;22;;;10001.0;530.0
-1;63700;BANANAS;4944;8;4943;24;;;4949;2;4950;22;;;4946.5;-41.015625
-1;63800;PEARLS;9996;2;9995;26;;;10004;2;10005;26;;;10000.0;530.0
-1;63800;BANANAS;4943;1;4942;26;;;4949;28;;;;;4946.0;-45.95703125
-1;63900;PEARLS;9995;25;;;;;10002;3;10005;25;;;9998.5;530.0
-1;63900;BANANAS;4942;24;;;;;4947;3;4949;25;;;4944.5;-50.3984375
-1;64000;BANANAS;4942;31;;;;;4948;1;4949;30;;;4945.0;-54.3046875
-1;64000;PEARLS;9996;1;9995;30;;;10004;1;10005;30;;;10000.0;530.0
-1;64100;PEARLS;9995;29;;;;;10005;29;;;;;10000.0;530.0
-1;64100;BANANAS;4941;29;;;;;4948;29;;;;;4944.5;-63.2421875
-1;64200;PEARLS;9996;1;9995;23;;;10002;1;10004;1;10005;23;9999.0;530.0
-1;64200;BANANAS;4941;24;;;;;4946;1;4948;24;;;4943.5;-64.5546875
-1;64300;PEARLS;9995;29;;;;;10005;29;;;;;10000.0;530.0
-1;64300;BANANAS;4941;29;;;;;4948;29;;;;;4944.5;-66.875
-1;64400;BANANAS;4940;25;;;;;4947;26;;;;;4943.5;-68.453125
-1;64400;PEARLS;9996;1;9995;25;;;10004;1;10005;25;;;10000.0;530.0
-1;64500;PEARLS;9998;1;9996;1;9995;30;10004;1;10005;30;;;10001.0;530.0
-1;64500;BANANAS;4942;1;4941;31;;;4947;1;4948;30;;;4944.5;-66.6796875
-1;64600;PEARLS;9996;1;9995;23;;;10004;1;10005;23;;;10000.0;530.0
-1;64600;BANANAS;4941;23;;;;;4948;24;;;;;4944.5;-63.3046875
-1;64700;BANANAS;4941;30;;;;;4946;1;4947;2;4948;28;4943.5;-66.34375
-1;64700;PEARLS;9996;2;9995;28;;;10002;1;10004;2;10005;28;9999.0;530.0
-1;64800;BANANAS;4941;2;4940;26;;;4945;4;4947;28;;;4943.0;-69.11328125
-1;64800;PEARLS;9996;2;9995;26;;;10002;4;10004;2;10005;26;9999.0;530.0
-1;64900;BANANAS;4940;30;;;;;4941;1;4947;30;;;4940.5;-72.2109375
-1;64900;PEARLS;9995;30;;;;;10005;30;;;;;10000.0;530.0
-1;65000;PEARLS;9995;22;;;;;10002;3;10005;22;;;9998.5;530.0
-1;65000;BANANAS;4941;22;;;;;4946;3;4948;22;;;4943.5;-66.875
-1;65100;BANANAS;4942;9;4941;31;;;4947;31;;;;;4944.5;-68.1953125
-1;65100;PEARLS;9998;9;9996;2;9995;29;10004;2;10005;29;;;10001.0;530.0
-1;65200;BANANAS;4940;25;;;;;4947;25;;;;;4943.5;-74.046875
-1;65200;PEARLS;10002;5;9995;25;;;10005;25;;;;;10003.5;530.0
-1;65300;BANANAS;4945;1;4941;3;4940;31;4946;2;4947;29;;;4945.5;-77.33984375
-1;65300;PEARLS;10002;1;9998;3;9996;2;10004;2;10005;29;;;10003.0;540.0
-1;65400;PEARLS;9996;1;9995;24;;;9998;1;10004;1;10005;24;9997.0;542.0
-1;65400;BANANAS;4940;25;;;;;4947;25;;;;;4943.5;-72.20703125
-1;65500;BANANAS;4941;2;4940;25;;;4945;6;4947;27;;;4943.0;-69.9453125
-1;65500;PEARLS;9996;2;9995;25;;;10002;6;10004;2;10005;25;9999.0;544.0
-1;65600;BANANAS;4941;8;4940;28;;;4947;28;;;;;4944.0;-69.72265625
-1;65600;PEARLS;9998;8;9995;28;;;10005;28;;;;;10001.5;544.0
-1;65700;BANANAS;4940;21;;;;;4947;21;;;;;4943.5;-68.66796875
-1;65700;PEARLS;9995;21;;;;;10005;21;;;;;10000.0;544.0
-1;65800;PEARLS;9995;29;;;;;10005;29;;;;;10000.0;544.0
-1;65800;BANANAS;4940;29;;;;;4947;29;;;;;4943.5;-74.9296875
-1;65900;BANANAS;4940;27;;;;;4946;1;4947;26;;;4943.0;-78.1796875
-1;65900;PEARLS;9996;1;9995;26;;;10004;1;10005;26;;;10000.0;544.0
-1;66000;BANANAS;4941;1;4940;20;;;4947;21;;;;;4944.0;-70.765625
-1;66000;PEARLS;9996;1;9995;20;;;9998;2;10004;1;10005;20;9997.0;544.0
-1;66100;BANANAS;4940;22;;;;;4947;22;;;;;4943.5;-74.6484375
-1;66100;PEARLS;9995;22;;;;;10005;22;;;;;10000.0;548.0
-1;66200;PEARLS;9995;28;;;;;10005;28;;;;;10000.0;548.0
-1;66200;BANANAS;4940;28;;;;;4947;28;;;;;4943.5;-75.01953125
-1;66300;BANANAS;4940;25;;;;;4947;25;;;;;4943.5;-71.3515625
-1;66300;PEARLS;9995;25;;;;;9998;1;10005;25;;;9996.5;548.0
-1;66400;BANANAS;4940;29;;;;;4945;6;4947;29;;;4942.5;-75.53125
-1;66400;PEARLS;9996;1;9995;28;;;10002;6;10004;1;10005;28;9999.0;550.0
-1;66500;BANANAS;4940;24;;;;;4941;1;4947;24;;;4940.5;-73.6328125
-1;66500;PEARLS;9996;2;9995;22;;;10004;2;10005;22;;;10000.0;550.0
-1;66600;PEARLS;9995;25;;;;;10002;8;10005;25;;;9998.5;550.0
-1;66600;BANANAS;4942;1;4939;25;;;4944;8;4946;25;;;4943.0;-84.1328125
-1;66700;BANANAS;4942;6;4940;1;4939;30;4946;30;;;;;4944.0;-86.4140625
-1;66700;PEARLS;9998;1;9995;30;;;10005;30;;;;;10001.5;550.0
-1;66800;BANANAS;4939;24;;;;;4945;2;4946;22;;;4942.0;-91.2890625
-1;66800;PEARLS;9996;2;9995;22;;;9998;1;10004;2;10005;22;9997.0;550.0
-1;66900;BANANAS;4938;29;;;;;4945;29;;;;;4941.5;-96.5859375
-1;66900;PEARLS;9996;1;9995;28;;;10004;1;10005;28;;;10000.0;552.0
-1;67000;PEARLS;10002;4;9996;2;9995;30;10004;2;10005;30;;;10003.0;552.0
-1;67000;BANANAS;4938;32;;;;;4939;5;4944;2;4945;30;4938.5;-100.91796875
-1;67100;BANANAS;4938;21;;;;;4943;4;4944;1;4945;21;4940.5;-103.515625
-1;67100;PEARLS;9996;1;9995;21;;;10002;4;10004;1;10005;21;9999.0;560.0
-1;67200;BANANAS;4937;30;;;;;4943;30;;;;;4940.0;-115.6953125
-1;67200;PEARLS;9996;2;9995;28;;;10004;2;10005;28;;;10000.0;560.0
-1;67300;BANANAS;4937;26;;;;;4942;3;4944;26;;;4939.5;-112.359375
-1;67300;PEARLS;9996;1;9995;25;;;10002;3;10004;1;10005;25;9999.0;560.0
-1;67400;PEARLS;9996;1;9995;29;;;9998;5;10004;1;10005;29;9997.0;560.0
-1;67400;BANANAS;4937;1;4936;29;;;4943;30;;;;;4940.0;-117.0625
-1;67500;PEARLS;9996;1;9995;28;;;10004;1;10005;28;;;10000.0;570.0
-1;67500;BANANAS;4937;29;;;;;4944;29;;;;;4940.5;-109.84765625
-1;67600;BANANAS;4937;31;;;;;4944;31;;;;;4940.5;-108.75
-1;67600;PEARLS;9996;1;9995;30;;;10004;1;10005;30;;;10000.0;570.0
-1;67700;BANANAS;4938;2;4937;21;;;4944;21;;;;;4941.0;-107.8046875
-1;67700;PEARLS;10002;1;9998;2;9995;21;10005;21;;;;;10003.5;570.0
-1;67800;BANANAS;4938;23;;;;;4944;2;4945;21;;;4941.0;-102.328125
-1;67800;PEARLS;9996;2;9995;21;;;9998;1;10004;2;10005;21;9997.0;572.0
-1;67900;PEARLS;9996;2;9995;20;;;10002;4;10004;2;10005;20;9999.0;574.0
-1;67900;BANANAS;4938;22;;;;;4942;4;4944;22;;;4940.0;-104.046875
-1;68000;PEARLS;9995;30;;;;;10005;30;;;;;10000.0;574.0
-1;68000;BANANAS;4938;30;;;;;4945;30;;;;;4941.5;-100.046875
-1;68100;BANANAS;4937;26;;;;;4944;26;;;;;4940.5;-106.375
-1;68100;PEARLS;9995;26;;;;;10005;26;;;;;10000.0;574.0
-1;68200;PEARLS;9996;2;9995;24;;;10004;2;10005;24;;;10000.0;574.0
-1;68200;BANANAS;4938;26;;;;;4941;5;4944;2;4945;24;4939.5;-103.00390625
-1;68300;PEARLS;9996;1;9995;26;;;10004;1;10005;26;;;10000.0;574.0
-1;68300;BANANAS;4937;27;;;;;4944;27;;;;;4940.5;-107.6328125
-1;68400;PEARLS;9998;6;9995;28;;;10005;28;;;;;10001.5;574.0
-1;68400;BANANAS;4938;6;4937;28;;;4944;28;;;;;4941.0;-105.86328125
-1;68500;BANANAS;4939;2;4938;24;;;4944;1;4945;23;;;4941.5;-101.8515625
-1;68500;PEARLS;9998;2;9996;1;9995;23;10004;1;10005;23;;;10001.0;574.0
-1;68600;PEARLS;9996;1;9995;30;;;10002;10;10004;1;10005;30;9999.0;574.0
-1;68600;BANANAS;4938;31;;;;;4943;10;4945;31;;;4940.5;-99.6484375
-1;68700;PEARLS;10002;1;9998;7;9996;2;10004;2;10005;27;;;10003.0;574.0
-1;68700;BANANAS;4939;7;4938;29;;;4944;2;4945;27;;;4941.5;-102.90625
-1;68800;PEARLS;9995;23;;;;;10005;23;;;;;10000.0;576.0
-1;68800;BANANAS;4938;23;;;;;4945;23;;;;;4941.5;-99.140625
-1;68900;BANANAS;4941;6;4938;21;;;4944;21;;;;;4942.5;-103.703125
-1;68900;PEARLS;9995;21;;;;;10005;21;;;;;10000.0;576.0
-1;69000;BANANAS;4939;3;4938;21;;;4944;1;4945;20;;;4941.5;-102.0
-1;69000;PEARLS;9998;3;9996;1;9995;20;10004;1;10005;20;;;10001.0;576.0
-1;69100;PEARLS;9995;21;;;;;10005;21;;;;;10000.0;576.0
-1;69100;BANANAS;4938;21;;;;;4945;21;;;;;4941.5;-102.3359375
-1;69200;PEARLS;9996;1;9995;26;;;10002;6;10004;1;10005;26;9999.0;576.0
-1;69200;BANANAS;4938;27;;;;;4943;6;4945;27;;;4940.5;-98.484375
-1;69300;PEARLS;9996;2;9995;22;;;10004;2;10005;22;;;10000.0;576.0
-1;69300;BANANAS;4939;2;4938;22;;;4945;24;;;;;4942.0;-93.546875
-1;69400;BANANAS;4939;1;4938;27;;;4945;28;;;;;4942.0;-93.8828125
-1;69400;PEARLS;10002;4;9996;1;9995;27;10004;1;10005;27;;;10003.0;576.0
-1;69500;PEARLS;10002;2;9998;3;9995;27;10005;27;;;;;10003.5;584.0
-1;69500;BANANAS;4939;3;4938;27;;;4945;27;;;;;4942.0;-98.1015625
-1;69600;PEARLS;9996;1;9995;24;;;10002;4;10004;1;10005;24;9999.0;588.0
-1;69600;BANANAS;4938;25;;;;;4943;4;4944;1;4945;24;4940.5;-102.140625
-1;69700;PEARLS;9996;2;9995;27;;;10004;2;10005;27;;;10000.0;588.0
-1;69700;BANANAS;4938;2;4937;27;;;4944;29;;;;;4941.0;-104.5390625
-1;69800;BANANAS;4938;1;4937;26;;;4944;28;;;;;4941.0;-106.609375
-1;69800;PEARLS;9996;2;9995;26;;;10004;2;10005;26;;;10000.0;588.0
-1;69900;PEARLS;9995;26;;;;;10005;26;;;;;10000.0;588.0
-1;69900;BANANAS;4937;26;;;;;4944;26;;;;;4940.5;-108.1328125
-1;70000;PEARLS;9998;10;9996;1;9995;28;10004;1;10005;28;;;10001.0;588.0
-1;70000;BANANAS;4938;10;4937;29;;;4944;29;;;;;4941.0;-109.171875
-1;70100;PEARLS;9995;27;;;;;10002;6;10005;27;;;9998.5;588.0
-1;70100;BANANAS;4937;27;;;;;4942;6;4944;27;;;4939.5;-112.859375
-1;70200;BANANAS;4937;1;4936;25;;;4943;26;;;;;4940.0;-117.6953125
-1;70200;PEARLS;9996;1;9995;25;;;10000;3;10004;1;10005;25;9998.0;588.0
-1;70300;PEARLS;9995;25;;;;;10005;25;;;;;10000.0;588.0
-1;70300;BANANAS;4936;25;;;;;4942;25;;;;;4939.0;-127.6953125
-1;70400;PEARLS;9996;2;9995;29;;;10002;4;10004;2;10005;29;9999.0;588.0
-1;70400;BANANAS;4936;2;4935;29;;;4940;9;4942;31;;;4938.0;-130.53125
-1;70500;PEARLS;9995;24;;;;;10005;24;;;;;10000.0;588.0
-1;70500;BANANAS;4936;24;;;;;4943;24;;;;;4939.5;-124.2578125
-1;70600;BANANAS;4941;1;4936;2;4935;27;4942;29;;;;;4941.5;-130.59375
-1;70600;PEARLS;9996;2;9995;27;;;10004;2;10005;27;;;10000.0;588.0
-1;70700;PEARLS;9995;24;;;;;10002;2;10005;24;;;9998.5;588.0
-1;70700;BANANAS;4935;24;;;;;4940;2;4942;24;;;4937.5;-131.8515625
-1;70800;PEARLS;9996;2;9995;30;;;9998;1;10004;2;10005;30;9997.0;588.0
-1;70800;BANANAS;4935;31;;;;;4942;32;;;;;4938.5;-135.6328125
-1;70900;PEARLS;9995;29;;;;;10005;29;;;;;10000.0;590.0
-1;70900;BANANAS;4934;29;;;;;4941;29;;;;;4937.5;-143.046875
-1;71000;BANANAS;4940;1;4935;2;4934;29;4941;31;;;;;4940.5;-143.34375
-1;71000;PEARLS;9996;2;9995;29;;;10004;2;10005;29;;;10000.0;590.0
-1;71100;PEARLS;9996;2;9995;20;;;10004;2;10005;20;;;10000.0;590.0
-1;71100;BANANAS;4934;22;;;;;4935;7;4941;22;;;4934.5;-144.625
-1;71200;PEARLS;9996;2;9995;24;;;10004;2;10005;24;;;10000.0;590.0
-1;71200;BANANAS;4935;2;4934;24;;;4941;26;;;;;4938.0;-142.765625
-1;71300;PEARLS;9995;20;;;;;10005;20;;;;;10000.0;590.0
-1;71300;BANANAS;4935;20;;;;;4942;20;;;;;4938.5;-135.23046875
-1;71400;BANANAS;4934;30;;;;;4941;30;;;;;4937.5;-141.6171875
-1;71400;PEARLS;9998;1;9995;30;;;10005;30;;;;;10001.5;590.0
-1;71500;PEARLS;9996;1;9995;30;;;10004;1;10005;30;;;10000.0;590.0
-1;71500;BANANAS;4936;31;;;;;4942;1;4943;30;;;4939.0;-125.8515625
-1;71600;PEARLS;9995;22;;;;;10005;22;;;;;10000.0;590.0
-1;71600;BANANAS;4936;22;;;;;4943;22;;;;;4939.5;-122.94921875
-1;71700;PEARLS;9995;28;;;;;10005;28;;;;;10000.0;590.0
-1;71700;BANANAS;4936;28;;;;;4943;28;;;;;4939.5;-121.203125
-1;71800;BANANAS;4937;2;4936;20;;;4943;22;;;;;4940.0;-117.69921875
-1;71800;PEARLS;9996;2;9995;20;;;10004;2;10005;20;;;10000.0;590.0
-1;71900;PEARLS;9996;2;9995;20;;;10004;2;10005;20;;;10000.0;590.0
-1;71900;BANANAS;4937;2;4936;20;;;4939;5;4943;22;;;4938.0;-116.78515625
-1;72000;PEARLS;9995;29;;;;;10002;8;10005;29;;;9998.5;590.0
-1;72000;BANANAS;4937;29;;;;;4942;8;4944;29;;;4939.5;-111.1796875
-1;72100;BANANAS;4937;28;;;;;4938;3;4942;1;4943;28;4937.5;-115.640625
-1;72100;PEARLS;9996;2;9995;26;;;10002;1;10004;2;10005;26;9999.0;590.0
-1;72200;BANANAS;4936;21;;;;;4943;21;;;;;4939.5;-122.87890625
-1;72200;PEARLS;9996;1;9995;20;;;10004;1;10005;20;;;10000.0;590.0
-1;72300;BANANAS;4936;30;;;;;4942;30;;;;;4939.0;-128.4296875
-1;72300;PEARLS;9996;1;9995;29;;;10004;1;10005;29;;;10000.0;590.0
-1;72400;PEARLS;9995;24;;;;;10005;24;;;;;10000.0;590.0
-1;72400;BANANAS;4935;24;;;;;4942;24;;;;;4938.5;-128.8671875
-1;72500;PEARLS;9996;2;9995;28;;;10004;2;10005;28;;;10000.0;590.0
-1;72500;BANANAS;4936;30;;;;;4942;30;;;;;4939.0;-128.375
-1;72600;BANANAS;4938;4;4936;2;4935;22;4942;24;;;;;4940.0;-130.875
-1;72600;PEARLS;9996;2;9995;22;;;10004;2;10005;22;;;10000.0;590.0
-1;72700;PEARLS;9995;29;;;;;10005;29;;;;;10000.0;590.0
-1;72700;BANANAS;4936;29;;;;;4943;29;;;;;4939.5;-124.6796875
-1;72800;PEARLS;9995;30;;;;;10005;30;;;;;10000.0;590.0
-1;72800;BANANAS;4936;30;;;;;4943;30;;;;;4939.5;-121.1015625
-1;72900;PEARLS;9996;1;9995;23;;;10004;1;10005;23;;;10000.0;590.0
-1;72900;BANANAS;4937;1;4936;23;;;4943;24;;;;;4940.0;-118.078125
-1;73000;BANANAS;4937;26;;;;;4943;2;4944;24;;;4940.0;-115.03125
-1;73000;PEARLS;9996;2;9995;24;;;10004;2;10005;24;;;10000.0;590.0
-1;73100;PEARLS;9996;2;9995;24;;;10002;5;10004;2;10005;24;9999.0;590.0
-1;73100;BANANAS;4937;26;;;;;4942;5;4943;2;4944;24;4939.5;-113.4140625
-1;73200;PEARLS;9996;1;9995;30;;;10004;1;10005;30;;;10000.0;590.0
-1;73200;BANANAS;4938;1;4937;30;;;4944;31;;;;;4941.0;-104.7265625
-1;73300;PEARLS;9996;2;9995;22;;;10004;2;10005;22;;;10000.0;590.0
-1;73300;BANANAS;4941;2;4937;24;;;4944;24;;;;;4942.5;-109.9140625
-1;73400;BANANAS;4938;30;;;;;4943;6;4944;1;4945;29;4940.5;-103.21484375
-1;73400;PEARLS;9996;1;9995;29;;;9998;1;10002;6;10004;1;9997.0;590.0
-1;73500;BANANAS;4938;21;;;;;4945;21;;;;;4941.5;-98.2109375
-1;73500;PEARLS;9995;21;;;;;9998;1;10005;21;;;9996.5;592.0
-1;73600;PEARLS;10002;1;9995;21;;;10005;21;;;;;10003.5;594.0
-1;73600;BANANAS;4937;21;;;;;4944;21;;;;;4940.5;-106.859375
-1;73700;BANANAS;4943;1;4937;20;;;4944;20;;;;;4943.5;-108.3046875
-1;73700;PEARLS;9995;20;;;;;9998;10;10005;20;;;9996.5;596.0
-1;73800;BANANAS;4938;6;4937;27;;;4944;27;;;;;4941.0;-108.1640625
-1;73800;PEARLS;10002;1;9998;6;9995;27;10005;27;;;;;10003.5;616.0
-1;73900;BANANAS;4939;3;4938;24;;;4944;2;4945;22;;;4941.5;-102.09375
-1;73900;PEARLS;9998;3;9996;2;9995;22;10004;2;10005;22;;;10001.0;618.0
-1;74000;PEARLS;9995;21;;;;;10005;21;;;;;10000.0;618.0
-1;74000;BANANAS;4938;21;;;;;4941;3;4945;21;;;4939.5;-101.8046875
-1;74100;BANANAS;4939;2;4938;26;;;4944;2;4945;24;;;4941.5;-101.4921875
-1;74100;PEARLS;9998;2;9996;2;9995;24;10004;2;10005;24;;;10001.0;618.0
-1;74200;BANANAS;4938;29;;;;;4945;29;;;;;4941.5;-103.53125
-1;74200;PEARLS;9995;29;;;;;10005;29;;;;;10000.0;618.0
-1;74300;BANANAS;4938;13;;;;;4944;24;;;;;4941.0;-104.29296875
-1;74300;PEARLS;9995;24;;;;;10005;24;;;;;10000.0;618.0
-1;74400;PEARLS;9995;21;;;;;10005;21;;;;;10000.0;618.0
-1;74400;BANANAS;4938;21;;;;;4939;1;4945;21;;;4938.5;-98.26953125
-1;74500;BANANAS;4941;1;4938;27;;;4945;27;;;;;4943.0;-99.88671875
-1;74500;PEARLS;9995;27;;;;;10005;27;;;;;10000.0;618.0
-1;74600;BANANAS;4938;28;;;;;4944;29;;;;;4941.0;-104.25
-1;74600;PEARLS;9996;2;9995;27;;;10004;2;10005;27;;;10000.0;618.0
-1;74700;BANANAS;4938;2;4937;20;;;4944;22;;;;;4941.0;-105.74609375
-1;74700;PEARLS;9996;2;9995;20;;;9998;1;10004;2;10005;20;9997.0;618.0
-1;74800;PEARLS;9996;2;9995;22;;;9998;2;10004;2;10005;22;9997.0;620.0
-1;74800;BANANAS;4938;2;4937;22;;;4944;24;;;;;4941.0;-106.8359375
-1;74900;BANANAS;4937;22;;;;;4942;3;4943;1;4944;21;4939.5;-114.53515625
-1;74900;PEARLS;9996;1;9995;21;;;9998;1;10002;3;10004;1;9997.0;624.0
-1;75000;BANANAS;4937;2;4936;23;;;4943;25;;;;;4940.0;-117.95703125
-1;75000;PEARLS;9996;2;9995;23;;;10004;2;10005;23;;;10000.0;624.0
-1;75100;BANANAS;4937;7;4936;21;;;4943;23;;;;;4940.0;-117.828125
-1;75100;PEARLS;10002;1;10000;4;9998;5;10004;2;10005;21;;;10003.0;624.0
-1;75200;PEARLS;9996;1;9995;28;;;10004;1;10005;28;;;10000.0;626.0
-1;75200;BANANAS;4941;13;4937;29;;;4943;29;;;;;4942.0;-116.25
-1;75300;BANANAS;4936;27;;;;;4937;1;4943;27;;;4936.5;-116.859375
-1;75300;PEARLS;9995;27;;;;;10005;27;;;;;10000.0;626.0
-1;75400;BANANAS;4941;5;4937;28;;;4943;2;4944;26;;;4942.0;-109.5546875
-1;75400;PEARLS;9996;2;9995;26;;;10004;2;10005;26;;;10000.0;626.0
-1;75500;BANANAS;4937;1;4936;23;;;4943;24;;;;;4940.0;-114.51171875
-1;75500;PEARLS;9996;1;9995;23;;;10004;1;10005;23;;;10000.0;626.0
-1;75600;PEARLS;9995;30;;;;;10002;9;10005;30;;;9998.5;626.0
-1;75600;BANANAS;4937;30;;;;;4941;9;4943;30;;;4939.0;-113.375
-1;75700;BANANAS;4937;20;;;;;4941;1;4943;20;;;4939.0;-112.7734375
-1;75700;PEARLS;9995;20;;;;;10002;1;10005;20;;;9998.5;626.0
-1;75800;BANANAS;4936;31;;;;;4942;2;4943;29;;;4939.0;-125.10546875
-1;75800;PEARLS;9996;2;9995;29;;;10004;2;10005;29;;;10000.0;626.0
-1;75900;BANANAS;4936;21;;;;;4939;1;4943;21;;;4937.5;-120.921875
-1;75900;PEARLS;9996;1;9995;20;;;10004;1;10005;20;;;10000.0;626.0
-1;76000;PEARLS;10000;4;9995;21;;;10002;9;10005;21;;;10001.0;626.0
-1;76000;BANANAS;4936;21;;;;;4941;9;4943;21;;;4938.5;-119.51171875
-1;76100;BANANAS;4936;26;;;;;4943;26;;;;;4939.5;-118.64453125
-1;76100;PEARLS;9996;1;9995;25;;;10004;1;10005;25;;;10000.0;626.0
-1;76200;BANANAS;4936;20;;;;;4943;20;;;;;4939.5;-115.35546875
-1;76200;PEARLS;9995;20;;;;;10005;20;;;;;10000.0;626.0
-1;76300;BANANAS;4936;21;;;;;4943;22;;;;;4939.5;-121.98828125
-1;76300;PEARLS;9996;1;9995;21;;;9998;12;10004;1;10005;21;9997.0;626.0
-1;76400;BANANAS;4935;28;;;;;4942;28;;;;;4938.5;-130.38671875
-1;76400;PEARLS;9996;2;9995;26;;;10004;2;10005;26;;;10000.0;626.0
-1;76500;PEARLS;9996;1;9995;20;;;10004;1;10005;20;;;10000.0;626.0
-1;76500;BANANAS;4935;21;;;;;4941;1;4942;20;;;4938.0;-138.3125
-1;76600;BANANAS;4940;1;4934;30;;;4941;30;;;;;4940.5;-142.77734375
-1;76600;PEARLS;9995;30;;;;;10005;30;;;;;10000.0;626.0
-1;76700;BANANAS;4936;1;4935;26;;;4941;1;4942;25;;;4938.5;-136.94921875
-1;76700;PEARLS;9998;1;9996;1;9995;25;10004;1;10005;25;;;10001.0;626.0
-1;76800;PEARLS;9996;2;9995;25;;;10004;2;10005;25;;;10000.0;626.0
-1;76800;BANANAS;4935;26;;;;;4942;27;;;;;4938.5;-133.4140625
-1;76900;PEARLS;9996;2;9995;21;;;10004;2;10005;21;;;10000.0;626.0
-1;76900;BANANAS;4935;23;;;;;4942;23;;;;;4938.5;-133.7578125
-1;77000;PEARLS;9996;2;9995;30;;;10004;2;10005;30;;;10000.0;626.0
-1;77000;BANANAS;4935;32;;;;;4941;2;4942;30;;;4938.0;-136.890625
-1;77100;BANANAS;4935;29;;;;;4942;30;;;;;4938.5;-133.46484375
-1;77100;PEARLS;9996;1;9995;29;;;10004;1;10005;29;;;10000.0;626.0
-1;77200;PEARLS;9996;1;9995;29;;;10004;1;10005;29;;;10000.0;626.0
-1;77200;BANANAS;4935;1;4934;29;;;4941;30;;;;;4938.0;-142.078125
-1;77300;PEARLS;9996;1;9995;23;;;10004;1;10005;23;;;10000.0;626.0
-1;77300;BANANAS;4935;24;;;;;4941;1;4942;23;;;4938.0;-136.60546875
-1;77400;PEARLS;9996;1;9995;21;;;10004;1;10005;21;;;10000.0;626.0
-1;77400;BANANAS;4935;1;4934;21;;;4941;22;;;;;4938.0;-139.5703125
-1;77500;BANANAS;4935;28;;;;;4941;2;4942;26;;;4938.0;-137.3359375
-1;77500;PEARLS;9996;2;9995;26;;;9998;3;10004;2;10005;26;9997.0;626.0
-1;77600;PEARLS;9996;1;9995;30;;;10004;1;10005;30;;;10000.0;626.0
-1;77600;BANANAS;4935;31;;;;;4941;1;4942;30;;;4938.0;-138.125
-1;77700;PEARLS;9998;4;9995;28;;;10005;28;;;;;10001.5;626.0
-1;77700;BANANAS;4935;5;4934;28;;;4941;28;;;;;4938.0;-144.19921875
-1;77800;PEARLS;9995;29;;;;;10005;29;;;;;10000.0;626.0
-1;77800;BANANAS;4934;29;;;;;4941;29;;;;;4937.5;-141.31640625
-1;77900;PEARLS;9996;2;9995;24;;;9998;1;10004;2;10005;24;9997.0;626.0
-1;77900;BANANAS;4935;26;;;;;4942;26;;;;;4938.5;-130.4296875
-1;78000;BANANAS;4936;1;4935;28;;;4942;28;;;;;4939.0;-129.83984375
-1;78000;PEARLS;9998;2;9996;1;9995;27;10004;1;10005;27;;;10001.0;628.0
-1;78100;PEARLS;10002;1;9998;4;9996;1;10004;1;10005;30;;;10003.0;628.0
-1;78100;BANANAS;4936;4;4935;31;;;4942;31;;;;;4939.0;-130.78515625
